<!DOCTYPE html>
<html lang="en">

<head>
    <meta charset="UTF-8">
    <meta http-equiv="X-UA-Compatible" content="IE=edge">
    <meta name="viewport" content="width=device-width, initial-scale=1.0">
    <title>Amazon Product Page</title>
    <style>
        body {
            background-color: black;
            color: white;
        }

        .datetime {
            text-align: center;
            color: gray;
        }

        .date, .time {
            font-size: 48px;
        }

        .container {
            display: flex;
            flex-wrap: wrap;
            justify-content: center;
            align-items: center;
            min-height: calc(100vh - 7cm);
        }

        .product {
            width: calc(100% / 4);
            margin-bottom: 20px;
            text-align: center;
            border: 1px solid red;
            border-radius: 10px;
            overflow: hidden;
            padding: 10px;
            display: flex;
            flex-direction: column;
            background-color: black;
            color: white;
        }

        .product .content {
            height: 200px;
            overflow: hidden;
        }

        .product img {
            width: 100%;
            height: auto;
            display: block;
        }

        .product .description {
            margin-top: 10px;
        }

        .product .more-link {
            margin-top: 5px;
            cursor: pointer;
            color: blue;
        }
        .pagination {
            text-align: center;
            margin: 20px 0;
        }

        .pagination a {
            color: white;
            padding: 8px 16px;
            text-decoration: none;
            background-color: gray;
            margin: 0 4px;
            border-radius: 4px;
        }

        .pagination a:hover {
            background-color: #575757;
        }
        @media (min-width: 768px) and (max-width: 991px) {
            .product {
                width: calc(100% / 3);
            }
        }

        @media (max-width: 767px) {
            .product {
                width: 100%;
            }
        }

        /* Style pour le bouton flottant */
        .floating-button {
            position: fixed;
            bottom: 20px;
            right: 20px;
            background-color: red;
            color: white;
            border: none;
            border-radius: 50%;
            width: 60px;
            height: 60px;
            text-align: center;
            font-size: 18px;
            cursor: pointer;
            z-index: 1000;
            box-shadow: 0 4px 8px rgba(0, 0, 0, 0.2);
        }
    </style>
</head>

<body>
    <div class="datetime">
        <div class="date" id="comment"></div>
        <div class="date" id="date"></div>
        <div class="time" id="time"></div>
    </div>

    <div class="container">
      

<div class="product"><a href="https://www.amazon.com/dp/B0CP87K2VD?tag=eloabder-20&linkCode=osi&th=1&psc=1"><img src="https://m.media-amazon.com/images/I/41dTH4OPkcL._SL500_.jpg" alt="Product Image"></a><p>For harley air cleaner filter Touring street glide road king electra tri trike Dyna Sportster XL 883 1200 Softail air intake (Drift style -Contrast Cut, C-For Touring 08-16, Softail 16-17)</p><p>$125.00</p><a href="https://www.amazon.com/dp/B0CP87K2VD?tag=eloabder-20&linkCode=osi&th=1&psc=1">View Product</a></div><div class="product"><a href="https://www.amazon.com/dp/B08DNLNY3G?tag=eloabder-20&linkCode=osi&th=1&psc=1"><img src="https://m.media-amazon.com/images/I/51baNj3o8CL._SL500_.jpg" alt="Product Image"></a><p>2963308 HD1508 Ultra Classic Air Filter Cleaner for 2008-2014 Harley Davidson Street Glide, Electra Glide, Road King, Road Glide Custom, Ultra Classic and other select models HD-1508</p><p>$21.99</p><a href="https://www.amazon.com/dp/B08DNLNY3G?tag=eloabder-20&linkCode=osi&th=1&psc=1">View Product</a></div><div class="product"><a href="https://www.amazon.com/dp/B0CQ2KKC3N?tag=eloabder-20&linkCode=osi&th=1&psc=1"><img src="https://m.media-amazon.com/images/I/31W2a0gAwIL._SL500_.jpg" alt="Product Image"></a><p>High-Flo Replacement Air Filter Element For Ventilator - Milwaukee-Eight Engine '18-later Softail and '17-later Touring and Trike Models Equipped with 114 Air Cleaner</p><p>$39.99</p><a href="https://www.amazon.com/dp/B0CQ2KKC3N?tag=eloabder-20&linkCode=osi&th=1&psc=1">View Product</a></div><div class="product"><a href="https://www.amazon.com/dp/B0CPJ5BSGM?tag=eloabder-20&linkCode=osi&th=1&psc=1"><img src="https://m.media-amazon.com/images/I/41cUadnGKpL._SL500_.jpg" alt="Product Image"></a><p>For harley air cleaner filter sportster street road glide king for harley davidson motorcycle air intake (Nake style -Black, A-For Sportster XL models)</p><p>$169.00</p><a href="https://www.amazon.com/dp/B0CPJ5BSGM?tag=eloabder-20&linkCode=osi&th=1&psc=1">View Product</a></div><div class="product"><a href="https://www.amazon.com/dp/B0CR17NS1M?tag=eloabder-20&linkCode=osi&th=1&psc=1"><img src="https://m.media-amazon.com/images/I/41n57oM0A-L._SL500_.jpg" alt="Product Image"></a><p>For harley air cleaner filter Sportster Softail Touring street road king glide Dyna for harley davidson air intake filters (Speed 7 style -gray filter, C-For Touring 08-16, Softail 16-17)</p><p>$89.00</p><a href="https://www.amazon.com/dp/B0CR17NS1M?tag=eloabder-20&linkCode=osi&th=1&psc=1">View Product</a></div><div class="product"><a href="https://www.amazon.com/dp/B0CR167HDN?tag=eloabder-20&linkCode=osi&th=1&psc=1"><img src="https://m.media-amazon.com/images/I/41o4byfzbRL._SL500_.jpg" alt="Product Image"></a><p>For harley davidson air cleaner filter sportster Touring street glide road king electra Dyna Softail motorcycle air intake (Chromed- gray filter, C-For Touring 2008-2016)</p><p>$99.00</p><a href="https://www.amazon.com/dp/B0CR167HDN?tag=eloabder-20&linkCode=osi&th=1&psc=1">View Product</a></div>







<div class="product"><a href="https://www.amazon.com/dp/B08WH8CWDM?tag=eloabder-20&linkCode=osi&th=1&psc=1"><img src="https://m.media-amazon.com/images/I/41Jj3ouB+1L._SL500_.jpg" alt="Product Image"></a><p>Glaze 'N Seal Color Enhancer Paver Sealer, 1 Gallon (923)</p><p>$62.99</p><a href="https://www.amazon.com/dp/B08WH8CWDM?tag=eloabder-20&linkCode=osi&th=1&psc=1">View Product</a></div>

<div class="product"><a href="https://www.amazon.com/dp/B0B58G8WRX?tag=eloabder-20&linkCode=osi&th=1&psc=1"><img src="https://m.media-amazon.com/images/I/41hjxJMTGJL._SL500_.jpg" alt="Product Image"></a><p>Solarhome Air Filter 333-D2696 333D2696 Compatible with JCB Backhoe Loader 3CX 4CX Telehandler 531-70</p><p>$34.50</p><a href="https://www.amazon.com/dp/B0B58G8WRX?tag=eloabder-20&linkCode=osi&th=1&psc=1">View Product</a></div>




<div class="product"><a href="https://www.amazon.com/dp/B07G7XG6BV?tag=eloabder-20&linkCode=osi&th=1&psc=1"><img src="https://m.media-amazon.com/images/I/510tZGutn6L._SL500_.jpg" alt="Product Image"></a><p>Holikme 6Pack Cleaning Brush Power Scrubber Cleaning Brush Extended Long Attachment Set All Purpose Scrub Brushes Kit for Grout, Floor, Tub, Shower, Tile, Bathroom,Car Cleaning Brush，Yellow</p><p>$6.95</p><a href="https://www.amazon.com/dp/B07G7XG6BV?tag=eloabder-20&linkCode=osi&th=1&psc=1">View Product</a></div>



<div class="product"><a href="https://www.amazon.com/dp/B000FW2NWQ?tag=eloabder-20&linkCode=osi&th=1&psc=1"><img src="https://m.media-amazon.com/images/I/31VlBDw7uDL._SL500_.jpg" alt="Product Image"></a><p>Performance Tool W233 12-Inch Long Reach Extension Scraper with 3pc Double Edged Plastic Razor Scraper Blades and 3pc Carbon Steel Razor Scraper Blades</p><p>$10.31</p><a href="https://www.amazon.com/dp/B000FW2NWQ?tag=eloabder-20&linkCode=osi&th=1&psc=1">View Product</a></div>
<div class="product"><a href="https://www.amazon.com/dp/B0BV2CQ5SW?tag=eloabder-20&linkCode=osi&th=1&psc=1"><img src="https://m.media-amazon.com/images/I/51VkTDjGg4L._SL500_.jpg" alt="Product Image"></a><p>Filterelated Mixed Bed Deionized Di Resin Filter Fill, Suitable For Spotless Car Wash System Filter Change, Tds Filter, Aquarium Filter, Deionized Car Wash,5 Liters</p><p>$49.99</p><a href="https://www.amazon.com/dp/B0BV2CQ5SW?tag=eloabder-20&linkCode=osi&th=1&psc=1">View Product</a></div><div class="product"><a href="https://www.amazon.com/dp/B01MRVQ9UE?tag=eloabder-20&linkCode=osi&th=1&psc=1"><img src="https://m.media-amazon.com/images/I/51+i6fjU6tL._SL500_.jpg" alt="Product Image"></a><p>Husqvarna XP Pre-Mixed Fuel and Engine Oil Quart (3 Pack),Blue</p><p>$32.99 ($0.34 / Count)</p><a href="https://www.amazon.com/dp/B01MRVQ9UE?tag=eloabder-20&linkCode=osi&th=1&psc=1">View Product</a></div>




<div class="product"><a href="https://www.amazon.com/dp/B01N2G2NEJ?tag=eloabder-20&linkCode=osi&th=1&psc=1"><img src="https://m.media-amazon.com/images/I/41-5g4zEDpL._SL500_.jpg" alt="Product Image"></a><p>Chemical Guys SPI10816 Heavy Duty Water Spot Remover, Safe for Cars, Trucks, Motorcycles, RVs & More, 16 fl oz</p><p>$17.97 ($1.12 / Fl Oz)</p><a href="https://www.amazon.com/dp/B01N2G2NEJ?tag=eloabder-20&linkCode=osi&th=1&psc=1">View Product</a></div>









<div class="product"><a href="https://www.amazon.com/dp/B08YRVH2QV?tag=eloabder-20&linkCode=osi&th=1&psc=1"><img src="https://m.media-amazon.com/images/I/5164O-Jr2QL._SL500_.jpg" alt="Product Image"></a><p>Thetford AquaMAX Summer Cypress Scent RV Holding Tank Treatment, Formaldehyde Free, Waste Digester, Septic Tank Safe, 5 Gallon Bottle (96754)</p><p>$248.18</p><a href="https://www.amazon.com/dp/B08YRVH2QV?tag=eloabder-20&linkCode=osi&th=1&psc=1">View Product</a></div><div class="product"><a href="https://www.amazon.com/dp/B0BPMW7485?tag=eloabder-20&linkCode=osi&th=1&psc=1"><img src="https://m.media-amazon.com/images/I/51WNuQeew7L._SL500_.jpg" alt="Product Image"></a><p>XFasten Butyl Tape Black 1/2” x 30’ x 1/8" Butyl Sealant Tape Headlight Sealant Putty Tape | Black Butyl Caulking Tape | Butyl Tape RV Putty Tape EPDM Automotive Butyl Rubber Window Sealant for RV</p><p>$13.99 ($0.47 / Foot)</p><a href="https://www.amazon.com/dp/B0BPMW7485?tag=eloabder-20&linkCode=osi&th=1&psc=1">View Product</a></div>
<div class="product"><a href="https://www.amazon.com/dp/B006DXWZQU?tag=eloabder-20&linkCode=osi&th=1&psc=1"><img src="https://m.media-amazon.com/images/I/41wtqfFFfQL._SL500_.jpg" alt="Product Image"></a><p>FRAM Ultra Synthetic Automotive Replacement Oil Filter, Designed for Synthetic Oil Changes Lasting up to 20k Miles, XG10575 with SureGrip (Pack of 1)</p><p>$10.79</p><a href="https://www.amazon.com/dp/B006DXWZQU?tag=eloabder-20&linkCode=osi&th=1&psc=1">View Product</a></div><div class="product"><a href="https://www.amazon.com/dp/B01LH7L0XA?tag=eloabder-20&linkCode=osi&th=1&psc=1"><img src="https://m.media-amazon.com/images/I/41yD3QmbyZL._SL500_.jpg" alt="Product Image"></a><p>Shell Rotella T4 Triple Protection Conventional 15W-40 Diesel Engine Oil (1-Gallon, Single Pack)</p><p>$15.98 ($0.12 / Fl Oz)</p><a href="https://www.amazon.com/dp/B01LH7L0XA?tag=eloabder-20&linkCode=osi&th=1&psc=1">View Product</a></div><div class="product"><a href="https://www.amazon.com/dp/B00ICSWGJ0?tag=eloabder-20&linkCode=osi&th=1&psc=1"><img src="https://m.media-amazon.com/images/I/41Ahz5dVc5L._SL500_.jpg" alt="Product Image"></a><p>Castrol Edge 5W-30 Advanced Full Synthetic Motor Oil, 5 Quarts</p><p>$24.72 ($0.15 / Fl Oz)</p><a href="https://www.amazon.com/dp/B00ICSWGJ0?tag=eloabder-20&linkCode=osi&th=1&psc=1">View Product</a></div><div class="product"><a href="https://www.amazon.com/dp/B01N8RPDT8?tag=eloabder-20&linkCode=osi&th=1&psc=1"><img src="https://m.media-amazon.com/images/I/41Qm+9e8sCL._SL500_.jpg" alt="Product Image"></a><p>Motorcraft - Oil - Engine (XO10W305Q3SD)</p><p>$32.27</p><a href="https://www.amazon.com/dp/B01N8RPDT8?tag=eloabder-20&linkCode=osi&th=1&psc=1">View Product</a></div>
<div class="product"><a href="https://www.amazon.com/dp/B07FTRZLM5?tag=eloabder-20&linkCode=osi&th=1&psc=1"><img src="https://m.media-amazon.com/images/I/416uoNYOsXL._SL500_.jpg" alt="Product Image"></a><p>Chemical Guys HOL126 14-Piece Arsenal Builder Car Wash Kit with Foam Gun, Bucket, and (5) 16 oz Car Care Cleaning Chemicals, Gift for Car & Truck Lovers, Dads and DIYers (Works w/Garden Hose)</p><p>$119.99</p><a href="https://www.amazon.com/dp/B07FTRZLM5?tag=eloabder-20&linkCode=osi&th=1&psc=1">View Product</a></div><div class="product"><a href="https://www.amazon.com/dp/B0741RL23Q?tag=eloabder-20&linkCode=osi&th=1&psc=1"><img src="https://m.media-amazon.com/images/I/410wwKZBYVL._SL500_.jpg" alt="Product Image"></a><p>Chemical Guys SPI220 Total Interior Cleaner and Protectant, Safe for Cars, Trucks, SUVs, Jeeps, Motorcycles, RVs & More, 128 fl oz (1 Gallon)</p><p>$54.99 ($0.43 / Fl Oz)</p><a href="https://www.amazon.com/dp/B0741RL23Q?tag=eloabder-20&linkCode=osi&th=1&psc=1">View Product</a></div><div class="product"><a href="https://www.amazon.com/dp/B002J7VX4Y?tag=eloabder-20&linkCode=osi&th=1&psc=1"><img src="https://m.media-amazon.com/images/I/41oijnffQ0L._SL500_.jpg" alt="Product Image"></a><p>Chemical Guys AIR_101_16 New Car Smell Premium Air Freshener and Odor Eliminator, Long-Lasting Scent, Great for Cars, Trucks, SUVs, RVs & More, 16 fl oz</p><p>$10.99 ($0.69 / Fl Oz)</p><a href="https://www.amazon.com/dp/B002J7VX4Y?tag=eloabder-20&linkCode=osi&th=1&psc=1">View Product</a></div><div class="product"><a href="https://www.amazon.com/dp/B077TPG55M?tag=eloabder-20&linkCode=osi&th=1&psc=1"><img src="https://m.media-amazon.com/images/I/51aYksYRthL._SL500_.jpg" alt="Product Image"></a><p>Chemical Guys CWS20264 Tough Mudder Foaming Truck, Off Road, ATV and RV Heavy Duty Wash Soap,(Works with Foam Cannons, Foam Guns or Bucket Washes), 64 fl oz (Half Gallon), Lemon Scent</p><p>$39.99 ($0.62 / Fl Oz)</p><a href="https://www.amazon.com/dp/B077TPG55M?tag=eloabder-20&linkCode=osi&th=1&psc=1">View Product</a></div><div class="product"><a href="https://www.amazon.com/dp/B00BJCAPEE?tag=eloabder-20&linkCode=osi&th=1&psc=1"><img src="https://m.media-amazon.com/images/I/416RIPKVW1L._SL500_.jpg" alt="Product Image"></a><p>Chemical Guys CWS_402 Mr. Pink Foaming Car Wash Soap (Works with Foam Cannons, Foam Guns or Bucket Washes) Safe for Cars, Trucks, Motorcycles, RVs & More, 128 fl oz, Candy Scent</p><p>$39.99 ($0.31 / Fl Oz)</p><a href="https://www.amazon.com/dp/B00BJCAPEE?tag=eloabder-20&linkCode=osi&th=1&psc=1">View Product</a></div><div class="product"><a href="https://www.amazon.com/dp/B01C6AISUK?tag=eloabder-20&linkCode=osi&th=1&psc=1"><img src="https://m.media-amazon.com/images/I/41FrDCDPB6S._SL500_.jpg" alt="Product Image"></a><p>Chemical Guys CLD_700_16 Mat Renew Rubber + Vinyl Floor Mat Cleaner And Protectant, Safe for Cars, Trucks, SUVs, Motorcycles, RVs & More, 16 fl oz</p><p>$10.99 ($0.69 / Fl Oz)</p><a href="https://www.amazon.com/dp/B01C6AISUK?tag=eloabder-20&linkCode=osi&th=1&psc=1">View Product</a></div><div class="product"><a href="https://www.amazon.com/dp/B01N76S0A7?tag=eloabder-20&linkCode=osi&th=1&psc=1"><img src="https://m.media-amazon.com/images/I/51jurhYPCgL._SL500_.jpg" alt="Product Image"></a><p>Chemical Guys HOL131 Premium Chenille Microfiber Car Wash Mop and Heavy Duty Extendable Pole Kit (Great for RVs, Trucks, SUVs, Jeeps & Large Vehicles), With Mr. Pink Foaming Car Wash Soap - 4 fl oz</p><p>$49.99</p><a href="https://www.amazon.com/dp/B01N76S0A7?tag=eloabder-20&linkCode=osi&th=1&psc=1">View Product</a></div><div class="product"><a href="https://www.amazon.com/dp/B009OTW646?tag=eloabder-20&linkCode=osi&th=1&psc=1"><img src="https://m.media-amazon.com/images/I/41lG36UqLBL._SL500_.jpg" alt="Product Image"></a><p>Chemical Guys CWS 110 Honeydew Snow Foam Car Wash Soap (Works with Foam Cannons, Guns or Bucket Washes) Safe for Trucks, Motorcycles, RVs & More, 128 fl oz (1 Gallon), Honeydew Scent</p><p>$39.99 ($0.31 / Fl Oz)</p><a href="https://www.amazon.com/dp/B009OTW646?tag=eloabder-20&linkCode=osi&th=1&psc=1">View Product</a></div><div class="product"><a href="https://www.amazon.com/dp/B08P54Z2C2?tag=eloabder-20&linkCode=osi&th=1&psc=1"><img src="https://m.media-amazon.com/images/I/41Ra65iS2OL._SL500_.jpg" alt="Product Image"></a><p>Chemical Guys WAC23316 HydroSpeed Ceramic Quick Detailer, Safe for Cars, Trucks, SUVs, Motorcycles, RVs & More, 16 fl oz</p><p>$24.99</p><a href="https://www.amazon.com/dp/B08P54Z2C2?tag=eloabder-20&linkCode=osi&th=1&psc=1">View Product</a></div>
<div class="product"><a href="https://www.amazon.com/dp/B0C7WLPQC7?tag=eloabder-20&linkCode=osi&th=1&psc=1"><img src="https://m.media-amazon.com/images/I/41hJeSxsSWL._SL500_.jpg" alt="Product Image"></a><p>Detail King Car Odor Removal - Chlorine Dioxide Cup - Extreme Odor Eliminator For Car - Safe And Easy To Use (3 Oz (Pack of 1) - Plastic)</p><p>$24.95 ($8.32 / Ounce)</p><a href="https://www.amazon.com/dp/B0C7WLPQC7?tag=eloabder-20&linkCode=osi&th=1&psc=1">View Product</a></div>

<div class="product"><a href="https://www.amazon.com/dp/B0052XFWCG?tag=eloabder-20&linkCode=osi&th=1&psc=1"><img src="https://m.media-amazon.com/images/I/41qajeJVXLL._SL500_.jpg" alt="Product Image"></a><p>Hot Shot's Secret HSS64Z Original Stiction Eliminator 64 Fluid Ounce Bottle, Green</p><p>$53.45 ($0.84 / Fl Oz)</p><a href="https://www.amazon.com/dp/B0052XFWCG?tag=eloabder-20&linkCode=osi&th=1&psc=1">View Product</a></div><div class="product"><a href="https://www.amazon.com/dp/B009M64CAW?tag=eloabder-20&linkCode=osi&th=1&psc=1"><img src="https://m.media-amazon.com/images/I/417D8X0nkBL._SL500_.jpg" alt="Product Image"></a><p>Lucas Oil 10679 Hot Rod & Classic Car SAE 10W-30 Motor Oil - 5 Quart</p><p>$38.50 ($0.24 / Fl Oz)</p><a href="https://www.amazon.com/dp/B009M64CAW?tag=eloabder-20&linkCode=osi&th=1&psc=1">View Product</a></div><div class="product"><a href="https://www.amazon.com/dp/B01L9ARY9O?tag=eloabder-20&linkCode=osi&th=1&psc=1"><img src="https://m.media-amazon.com/images/I/51yaZAYH75L._SL500_.jpg" alt="Product Image"></a><p>FPPF Chemical Co 00161 16 OZ HOT 4-in-1 Heating Oil Treatment (2 Bottles)</p><p>$26.42</p><a href="https://www.amazon.com/dp/B01L9ARY9O?tag=eloabder-20&linkCode=osi&th=1&psc=1">View Product</a></div><div class="product"><a href="https://www.amazon.com/dp/B009M64CUM?tag=eloabder-20&linkCode=osi&th=1&psc=1"><img src="https://m.media-amazon.com/images/I/41yiWaF8YQL._SL500_.jpg" alt="Product Image"></a><p>Lucas Oil 10683 Hot Rod & Classic Car SAE 10W-40 Motor Oil - 5 Quart</p><p>$43.24 ($0.27 / Fl Oz)</p><a href="https://www.amazon.com/dp/B009M64CUM?tag=eloabder-20&linkCode=osi&th=1&psc=1">View Product</a></div><div class="product"><a href="https://www.amazon.com/dp/B0973HNRH9?tag=eloabder-20&linkCode=osi&th=1&psc=1"><img src="https://m.media-amazon.com/images/I/41kyGGJa--L._SL500_.jpg" alt="Product Image"></a><p>Hot Shot's Secret FR3 Friction Reducer 64 Fluid Ounce 2 Quarts, Light Yellow Liquid, (HSSFR364Z)</p><p>$59.73 ($0.93 / Fl Oz)</p><a href="https://www.amazon.com/dp/B0973HNRH9?tag=eloabder-20&linkCode=osi&th=1&psc=1">View Product</a></div><div class="product"><a href="https://www.amazon.com/dp/B082YFQQ25?tag=eloabder-20&linkCode=osi&th=1&psc=1"><img src="https://m.media-amazon.com/images/I/511PTX7LlZL._SL500_.jpg" alt="Product Image"></a><p>Hot Shot's Secret Green Diamond 100 Percent Synthetic 15W40 Oil Diesel 1 Gallon</p><p>$39.99 ($0.31 / Fl Oz)</p><a href="https://www.amazon.com/dp/B082YFQQ25?tag=eloabder-20&linkCode=osi&th=1&psc=1">View Product</a></div>















<div class="product"><a href="https://www.amazon.com/dp/B08PTMXCJL?tag=eloabder-20&linkCode=osi&th=1&psc=1"><img src="https://m.media-amazon.com/images/I/410eJv-7UHL._SL500_.jpg" alt="Product Image"></a><p>Moly Grease | 3% Molybdenum Disulfide | Fifth Wheel | 5th | Automotive | Tractor | Axle | Spline | CV Joint | Lithium EP Grease | High Temp | 35 LB Pail Bucket | Black Moly | NLGI 2 | HeavyDuty Moly</p><p>$174.99 ($0.31 / Ounce)</p><a href="https://www.amazon.com/dp/B08PTMXCJL?tag=eloabder-20&linkCode=osi&th=1&psc=1">View Product</a></div><div class="product"><a href="https://www.amazon.com/dp/B08PTHJTK5?tag=eloabder-20&linkCode=osi&th=1&psc=1"><img src="https://m.media-amazon.com/images/I/41VdMjJ38aL._SL500_.jpg" alt="Product Image"></a><p>Wheel Bearing Grease Pail | Lithium Complex | High Temp EP | CV Joint | Axle | Automotive | Tractor | Truck | Ball Joint | Marine Boat | Gear | Heavy Duty | Blue | 35 LB Bucket | NLGI 2 | MultiPurpose</p><p>$167.99 ($0.30 / Ounce)</p><a href="https://www.amazon.com/dp/B08PTHJTK5?tag=eloabder-20&linkCode=osi&th=1&psc=1">View Product</a></div><div class="product"><a href="https://www.amazon.com/dp/B0013J1UA6?tag=eloabder-20&linkCode=osi&th=1&psc=1"><img src="https://m.media-amazon.com/images/I/41G0Fkf7KnL._SL500_.jpg" alt="Product Image"></a><p>CRC Food Grade Chain Lube 03055 – 12 Wt. Oz. Aerosol, NSF H1 Gear, Chain, and Wire Lubricant</p><p>$19.25 ($1.60 / Ounce)</p><a href="https://www.amazon.com/dp/B0013J1UA6?tag=eloabder-20&linkCode=osi&th=1&psc=1">View Product</a></div>





<div class="product"><a href="https://www.amazon.com/dp/B08GQ9G2V5?tag=eloabder-20&linkCode=osi&th=1&psc=1"><img src="https://m.media-amazon.com/images/I/511+rapOlWL._SL500_.jpg" alt="Product Image"></a><p>Armor All Car Air Freshener and Purifier, Car Odor Eliminator, 1.5 Ounce (Pack of 3)</p><p>$21.21 ($4.71 / Ounce)</p><a href="https://www.amazon.com/dp/B08GQ9G2V5?tag=eloabder-20&linkCode=osi&th=1&psc=1">View Product</a></div>







<div class="product"><a href="https://www.amazon.com/dp/B001229JCU?tag=eloabder-20&linkCode=osi&th=1&psc=1"><img src="https://m.media-amazon.com/images/I/31W6FuKPMcL._SL500_.jpg" alt="Product Image"></a><p>First Alert EZ Fire Spray, Extinguishing Aerosol Spray, AF400 Red 18 Ounce (Pack of 1)</p><p>$12.49</p><a href="https://www.amazon.com/dp/B001229JCU?tag=eloabder-20&linkCode=osi&th=1&psc=1">View Product</a></div><div class="product"><a href="https://www.amazon.com/dp/B002U0KGDY?tag=eloabder-20&linkCode=osi&th=1&psc=1"><img src="https://m.media-amazon.com/images/I/51p6R+mcRhL._SL500_.jpg" alt="Product Image"></a><p>First Alert EZ Fire Spray, Extinguishing Aerosol Spray, Pack of 2, AF400-2, RED</p><p>$27.02</p><a href="https://www.amazon.com/dp/B002U0KGDY?tag=eloabder-20&linkCode=osi&th=1&psc=1">View Product</a></div>
<div class="product"><a href="https://www.amazon.com/dp/B0088LVBUQ?tag=eloabder-20&linkCode=osi&th=1&psc=1"><img src="https://m.media-amazon.com/images/I/31h7l-l6u2L._SL500_.jpg" alt="Product Image"></a><p>Seymour EN-59 Hi-Tech Engine Spray Paint, General Motors Red</p><p>$9.08 ($0.76 / Ounce)</p><a href="https://www.amazon.com/dp/B0088LVBUQ?tag=eloabder-20&linkCode=osi&th=1&psc=1">View Product</a></div>




<div class="product"><a href="https://www.amazon.com/dp/B000HBNU9K?tag=eloabder-20&linkCode=osi&th=1&psc=1"><img src="https://m.media-amazon.com/images/I/41URzfKaVsL._SL500_.jpg" alt="Product Image"></a><p>Permatex 27828 Body Shop Heavy Duty Headliner Adhesive, High-Strength Spray Adhesive, Repair Detached Or Loose Interior Parts, Dries Clear, Aerosol Can, 16.75 Oz</p><p>$17.05 ($1.02 / Ounce)</p><a href="https://www.amazon.com/dp/B000HBNU9K?tag=eloabder-20&linkCode=osi&th=1&psc=1">View Product</a></div><div class="product"><a href="https://www.amazon.com/dp/B001VXXEXU?tag=eloabder-20&linkCode=osi&th=1&psc=1"><img src="https://m.media-amazon.com/images/I/5112onMwzaL._SL500_.jpg" alt="Product Image"></a><p>Vibra-TITE 213 Red VC-3 Original Threadmate, 250ml Can</p><p>$99.19</p><a href="https://www.amazon.com/dp/B001VXXEXU?tag=eloabder-20&linkCode=osi&th=1&psc=1">View Product</a></div><div class="product"><a href="https://www.amazon.com/dp/B0CWPSLTR1?tag=eloabder-20&linkCode=osi&th=1&psc=1"><img src="https://m.media-amazon.com/images/I/31ytleZjjaL._SL500_.jpg" alt="Product Image"></a><p>P & S PROFESSIONAL DETAIL PRODUCTS - Terminator Enzyme Spot and Stain Remover - Perfect for Deodorizing, Removing Embedded Soils, Grease, Dirt, and Protein-Based Stains; Fresh Scent (1 Quart)</p><p>$25.95 ($0.81 / Fl Oz)</p><a href="https://www.amazon.com/dp/B0CWPSLTR1?tag=eloabder-20&linkCode=osi&th=1&psc=1">View Product</a></div><div class="product"><a href="https://www.amazon.com/dp/B07GFNQL9H?tag=eloabder-20&linkCode=osi&th=1&psc=1"><img src="https://m.media-amazon.com/images/I/41AA3Nbt8OL._SL500_.jpg" alt="Product Image"></a><p>Gunk FEB1 Foamy Engine Brite Engine Cleaner - 17oz. 2 Pack</p><p>$17.95 ($0.53 / Ounce)</p><a href="https://www.amazon.com/dp/B07GFNQL9H?tag=eloabder-20&linkCode=osi&th=1&psc=1">View Product</a></div>



<div class="product"><a href="https://www.amazon.com/dp/B003SKCARK?tag=eloabder-20&linkCode=osi&th=1&psc=1"><img src="https://m.media-amazon.com/images/I/41rvU5irgRL._SL500_.jpg" alt="Product Image"></a><p>Obenauf's Heavy Duty LP Leather Preservative (4oz)- All Natural Beeswax Oil Conditioner- Rejuvenate Restore & Preserve Sunfaded or Cracked Boots Jackets Saddles Car Auto Upholstery Furniture- USA Made</p><p>$15.99</p><a href="https://www.amazon.com/dp/B003SKCARK?tag=eloabder-20&linkCode=osi&th=1&psc=1">View Product</a></div>
Aucun résultat trouvé.

<div class="product"><a href="https://www.amazon.com/dp/B0CLWDDWHX?tag=eloabder-20&linkCode=osi&th=1&psc=1"><img src="https://m.media-amazon.com/images/I/51HPMtia03L._SL500_.jpg" alt="Product Image"></a><p>Fire Fix Fire Extinguisher for Home 5-Pack | Made in USA | Emergency Fire Spray Foam for Apartment, Boat, Camping, Car, House, Kitchen & Vehicle | Safety & Survival | Compact, Small, Safe & Easy Use</p><p>$56.95</p><a href="https://www.amazon.com/dp/B0CLWDDWHX?tag=eloabder-20&linkCode=osi&th=1&psc=1">View Product</a></div><div class="product"><a href="https://www.amazon.com/dp/B0CKZF9H3D?tag=eloabder-20&linkCode=osi&th=1&psc=1"><img src="https://m.media-amazon.com/images/I/41+Q4YdByuL._SL500_.jpg" alt="Product Image"></a><p>Firexo All Fires Fire Extinguisher - Multipurpose Mini Aerosol - Pack of 6 - Home, Kitchen, Car, Garage, Boat, Caravan, Camping Household, ABC, Vehicle, Compact, RV, Emergency Equipment (0.1 Gal)</p><p>$139.99</p><a href="https://www.amazon.com/dp/B0CKZF9H3D?tag=eloabder-20&linkCode=osi&th=1&psc=1">View Product</a></div>
Aucun résultat trouvé.
Aucun résultat trouvé.






<div class="product"><a href="https://www.amazon.com/dp/B00FOKOKMU?tag=eloabder-20&linkCode=osi&th=1&psc=1"><img src="https://m.media-amazon.com/images/I/41KsUW-6WOL._SL500_.jpg" alt="Product Image"></a><p>The Original Leather Recoloring Balm by Furniture Clinic - 16 Colors - Leather Repair Kit for Furniture - Restore Couches, Car Seats & More - Leather Dye for Scratched and Faded Leather (Beige)</p><p>$29.95</p><a href="https://www.amazon.com/dp/B00FOKOKMU?tag=eloabder-20&linkCode=osi&th=1&psc=1">View Product</a></div>


<div class="product"><a href="https://www.amazon.com/dp/B0BQX6CPLS?tag=eloabder-20&linkCode=osi&th=1&psc=1"><img src="https://m.media-amazon.com/images/I/51OtuHOIJpL._SL500_.jpg" alt="Product Image"></a><p>Dry Stop Fire Spray by Prepared Hero - 8 Pack - Portable Fire Extinguisher for Home, Car, Garage, Kitchen - Works on Electrical, Grease, Battery Fires & More - Compact, Easy to Use</p><p>$143.99</p><a href="https://www.amazon.com/dp/B0BQX6CPLS?tag=eloabder-20&linkCode=osi&th=1&psc=1">View Product</a></div><div class="product"><a href="https://www.amazon.com/dp/B0BQX76B9K?tag=eloabder-20&linkCode=osi&th=1&psc=1"><img src="https://m.media-amazon.com/images/I/51iHCSuHw5L._SL500_.jpg" alt="Product Image"></a><p>Vapor Clean Fire Spray by Prepared Hero - 8 Pack - Portable Fire Extinguisher for Home, Car, Garage, Kitchen - Works on Electrical, Grease, Battery Fires & More - Compact, Easy to Use</p><p>$143.99</p><a href="https://www.amazon.com/dp/B0BQX76B9K?tag=eloabder-20&linkCode=osi&th=1&psc=1">View Product</a></div><div class="product"><a href="https://www.amazon.com/dp/B0C32NVZJZ?tag=eloabder-20&linkCode=osi&th=1&psc=1"><img src="https://m.media-amazon.com/images/I/61coxTM3mSL._SL500_.jpg" alt="Product Image"></a><p>Houandg Water-Based Fire Extinguisher- 2 Pack Portable Solution for All Fire Types in Homes, Vehicles, Kitchens - Prevents Re-Ignition</p><p>$33.98</p><a href="https://www.amazon.com/dp/B0C32NVZJZ?tag=eloabder-20&linkCode=osi&th=1&psc=1">View Product</a></div>
<div class="product"><a href="https://www.amazon.com/dp/B00L3W1OAO?tag=eloabder-20&linkCode=osi&th=1&psc=1"><img src="https://m.media-amazon.com/images/I/414uILMLuaL._SL500_.jpg" alt="Product Image"></a><p>Pro F/X Rubber Mask Grease Wheel - 1 Ounce - Trauma</p><p>$27.01</p><a href="https://www.amazon.com/dp/B00L3W1OAO?tag=eloabder-20&linkCode=osi&th=1&psc=1">View Product</a></div>
<div class="product"><a href="https://www.amazon.com/dp/B0CZ16SHCH?tag=eloabder-20&linkCode=osi&th=1&psc=1"><img src="https://m.media-amazon.com/images/I/31pYxaz4gYL._SL500_.jpg" alt="Product Image"></a><p>P & S PROFESSIONAL DETAIL PRODUCTS - Rehab - Paint Correction Creme Safe for All Paint Types and with Multiple pad Types - Easy-to-use-Formula Works at Any Stage of Paint Correction - 1 Quart</p><p>$56.95</p><a href="https://www.amazon.com/dp/B0CZ16SHCH?tag=eloabder-20&linkCode=osi&th=1&psc=1">View Product</a></div><div class="product"><a href="https://www.amazon.com/dp/B082BG8HLX?tag=eloabder-20&linkCode=osi&th=1&psc=1"><img src="https://m.media-amazon.com/images/I/31OAXbv7QFL._SL500_.jpg" alt="Product Image"></a><p>Lithium Auto Elixirs Color Crush- A rather intense approach to an Instant Detailer, Infused with color enhancing technology - Extremely Hydrophobic ingredients, long lasting Instant Detailer</p><p>$19.95 ($1.25 / Fl Oz)</p><a href="https://www.amazon.com/dp/B082BG8HLX?tag=eloabder-20&linkCode=osi&th=1&psc=1">View Product</a></div><div class="product"><a href="https://www.amazon.com/dp/B07MTPWZ76?tag=eloabder-20&linkCode=osi&th=1&psc=1"><img src="https://m.media-amazon.com/images/I/41v5yubrqoL._SL500_.jpg" alt="Product Image"></a><p>Lithium Seal and Squeal Paint Sealant/Polish - Incredible Shine and Lasting Protection - Curable Amino Functional Polymers Fused with Si02 Ceramic Nano Technology -Lasts for up to 12 Months (16 oz)</p><p>$39.99 ($2.50 / Ounce)</p><a href="https://www.amazon.com/dp/B07MTPWZ76?tag=eloabder-20&linkCode=osi&th=1&psc=1">View Product</a></div><div class="product"><a href="https://www.amazon.com/dp/B07MVNX377?tag=eloabder-20&linkCode=osi&th=1&psc=1"><img src="https://m.media-amazon.com/images/I/31gEqFf7rhL._SL500_.jpg" alt="Product Image"></a><p>Leather Love - The Best Leather Conditioner On The Planet, Brings Old Leather Back To Life, All Natural Ingredients Mixed With Serious Science, Restores, Rehydrates, Protects (8oz)</p><p>$28.99 ($3.62 / Ounce)</p><a href="https://www.amazon.com/dp/B07MVNX377?tag=eloabder-20&linkCode=osi&th=1&psc=1">View Product</a></div><div class="product"><a href="https://www.amazon.com/dp/B07MTQP514?tag=eloabder-20&linkCode=osi&th=1&psc=1"><img src="https://m.media-amazon.com/images/I/311IYwH-oaL._SL500_.jpg" alt="Product Image"></a><p>Trim Serum- Plastic Restorer- Restores Even the Most Damaged Plastic, Rubber and Vinyl, Last For Months, Penetrates Plastic Pores Restoring Color. (16 Oz)</p><p>$36.99</p><a href="https://www.amazon.com/dp/B07MTQP514?tag=eloabder-20&linkCode=osi&th=1&psc=1">View Product</a></div><div class="product"><a href="https://www.amazon.com/dp/B07236X7TS?tag=eloabder-20&linkCode=osi&th=1&psc=1"><img src="https://m.media-amazon.com/images/I/51-mgxYD9kL._SL500_.jpg" alt="Product Image"></a><p>Skidmore's Biker Edition Leather Cream | All Natural Formula Cleans, Conditions, and Protects your Motorcycle | Made in USA</p><p>$44.98</p><a href="https://www.amazon.com/dp/B07236X7TS?tag=eloabder-20&linkCode=osi&th=1&psc=1">View Product</a></div><div class="product"><a href="https://www.amazon.com/dp/B001CS6HH4?tag=eloabder-20&linkCode=osi&th=1&psc=1"><img src="https://m.media-amazon.com/images/I/41wY0SB+DWL._SL500_.jpg" alt="Product Image"></a><p>Fiebing's Yellow Saddle Soap for Leather (3.5 oz Tin) - Leather Cleaner & Conditioner to Soften, Protect & Restore Leathercraft - Leather Soap for Car Seat, Couch, Shoe, Purse, Boot, Bag, & Saddles</p><p>$7.15 ($2.04 / Ounce)</p><a href="https://www.amazon.com/dp/B001CS6HH4?tag=eloabder-20&linkCode=osi&th=1&psc=1">View Product</a></div><div class="product"><a href="https://www.amazon.com/dp/B08RHZ1BKD?tag=eloabder-20&linkCode=osi&th=1&psc=1"><img src="https://m.media-amazon.com/images/I/21WKh31c4tL._SL500_.jpg" alt="Product Image"></a><p>Lithium Ignite After Wash - Conditions and Shines Surfaces as You Dry. Streak-Free Hydrophobic Formula adds Lubrication to Stop Micro Scratching While Surfaces pop with Color.</p><p>$21.99 ($1.37 / Fl Oz)</p><a href="https://www.amazon.com/dp/B08RHZ1BKD?tag=eloabder-20&linkCode=osi&th=1&psc=1">View Product</a></div><div class="product"><a href="https://www.amazon.com/dp/B0003A1T3E?tag=eloabder-20&linkCode=osi&th=1&psc=1"><img src="https://m.media-amazon.com/images/I/41042PKJ1ZL._SL500_.jpg" alt="Product Image"></a><p>URAD One step All-In-One Leather conditioner 140g - NEUTRAL</p><p>$16.13</p><a href="https://www.amazon.com/dp/B0003A1T3E?tag=eloabder-20&linkCode=osi&th=1&psc=1">View Product</a></div>

<div class="product"><a href="https://www.amazon.com/dp/B0B3NFH3QY?tag=eloabder-20&linkCode=osi&th=1&psc=1"><img src="https://m.media-amazon.com/images/I/51sKVZnP-WL._SL500_.jpg" alt="Product Image"></a><p>Little Joe 96427-6PK I Love Hockey New Car Scent Red Car Air Freshener A/C Vent Clip Uses Alcohol-Free Fragrance Oil is Non-Hazardous and Non-Toxic Plastic, Pack of 6</p><p>$21.99 ($3.66 / Count)</p><a href="https://www.amazon.com/dp/B0B3NFH3QY?tag=eloabder-20&linkCode=osi&th=1&psc=1">View Product</a></div><div class="product"><a href="https://www.amazon.com/dp/B072275K82?tag=eloabder-20&linkCode=osi&th=1&psc=1"><img src="https://m.media-amazon.com/images/I/41wDnF6SiAL._SL500_.jpg" alt="Product Image"></a><p>Little Joe 96404-6PK Fruit Scent, Car Air Freshener, Clips to A/C Air Vent, Alcohol-Free Fragrance Oil, Non-Hazardous and Non-Toxic Plastic, Set of 6</p><p>$16.60 ($2.77 / Count)</p><a href="https://www.amazon.com/dp/B072275K82?tag=eloabder-20&linkCode=osi&th=1&psc=1">View Product</a></div><div class="product"><a href="https://www.amazon.com/dp/B0CQPQ2S4W?tag=eloabder-20&linkCode=osi&th=1&psc=1"><img src="https://m.media-amazon.com/images/I/31iRknmvjeL._SL500_.jpg" alt="Product Image"></a><p>Little Pup 96613 Blue Raspberry Slushy Scent Car Air Freshener A/C Vent Clip Uses Alcohol-Free Fragrance Oil is Non Hazardous and Non Toxic, Pack of 1</p><p>$3.94</p><a href="https://www.amazon.com/dp/B0CQPQ2S4W?tag=eloabder-20&linkCode=osi&th=1&psc=1">View Product</a></div><div class="product"><a href="https://www.amazon.com/dp/B0CQPNMTM4?tag=eloabder-20&linkCode=osi&th=1&psc=1"><img src="https://m.media-amazon.com/images/I/41eEovL+zML._SL500_.jpg" alt="Product Image"></a><p>Little Joe 96414-6PK Orange Creamsicle Scent Car Air Freshener A/C Vent Clip Uses Alcohol-Free Fragrance Oil is Non-Hazardous and Non-Toxic Plastic, Pack of 6</p><p>$25.99 ($4.33 / Count)</p><a href="https://www.amazon.com/dp/B0CQPNMTM4?tag=eloabder-20&linkCode=osi&th=1&psc=1">View Product</a></div><div class="product"><a href="https://www.amazon.com/dp/B0CH9KNNZN?tag=eloabder-20&linkCode=osi&th=1&psc=1"><img src="https://m.media-amazon.com/images/I/41jX66PGMTL._SL500_.jpg" alt="Product Image"></a><p>TAKAVU Clay Bars Auto Detailing 2 Pack X 100g, Premium Grade Material, Magic Clay Bar Cleaner for Cars, RV, Boat and Bus (Grey)</p><p>$9.99</p><a href="https://www.amazon.com/dp/B0CH9KNNZN?tag=eloabder-20&linkCode=osi&th=1&psc=1">View Product</a></div>

<div class="product"><a href="https://www.amazon.com/dp/B004UM6DLE?tag=eloabder-20&linkCode=osi&th=1&psc=1"><img src="https://m.media-amazon.com/images/I/314nawyx6sL._SL500_.jpg" alt="Product Image"></a><p>CARPRO IronX Iron Remover: Stops Rust Spots and Pre-Mature Failure of The Clear Coat, Iron Contaminant Removal - 500mL with Sprayer (17oz)</p><p>$26.78</p><a href="https://www.amazon.com/dp/B004UM6DLE?tag=eloabder-20&linkCode=osi&th=1&psc=1">View Product</a></div><div class="product"><a href="https://www.amazon.com/dp/B01HXZXO98?tag=eloabder-20&linkCode=osi&th=1&psc=1"><img src="https://m.media-amazon.com/images/I/41Ne9OfQGzL._SL500_.jpg" alt="Product Image"></a><p>Chemical Guys CWS80316 Clean Slate Deep Surface Cleaning Car Wash Soap (Removes Old Car Waxes, Glazes & Sealants for Superior Surface Prep), 16 fl oz, Citrus Scent</p><p>$11.99 ($0.75 / Fl Oz)</p><a href="https://www.amazon.com/dp/B01HXZXO98?tag=eloabder-20&linkCode=osi&th=1&psc=1">View Product</a></div><div class="product"><a href="https://www.amazon.com/dp/B07C39H9YX?tag=eloabder-20&linkCode=osi&th=1&psc=1"><img src="https://m.media-amazon.com/images/I/31yK3Vb5xWL._SL500_.jpg" alt="Product Image"></a><p>Adam's Polishes Iron Remover (16oz) - Iron Out Fallout Rust Remover Spray for Car Detailing | Remove Iron Particles in Car Paint, Motorcycle, RV & Boat | Use Before Clay Bar, Car Wax or Car Wash</p><p>$16.99</p><a href="https://www.amazon.com/dp/B07C39H9YX?tag=eloabder-20&linkCode=osi&th=1&psc=1">View Product</a></div><div class="product"><a href="https://www.amazon.com/dp/B0BTJ9DJM5?tag=eloabder-20&linkCode=osi&th=1&psc=1"><img src="https://m.media-amazon.com/images/I/41tNMqlDrxL._SL500_.jpg" alt="Product Image"></a><p>Torque Detail Decon Wash Pack - Decontamination Soap 8oz + Wash Mitt - Surface Strip Wash Car Shampoo - Highly Absorbent Microfiber Chenille Car Wash Mitt Safely Cleans Your Vehicles Entire Surface</p><p>$24.95 ($3.12 / Fl Oz)</p><a href="https://www.amazon.com/dp/B0BTJ9DJM5?tag=eloabder-20&linkCode=osi&th=1&psc=1">View Product</a></div><div class="product"><a href="https://www.amazon.com/dp/B013K5V9PQ?tag=eloabder-20&linkCode=osi&th=1&psc=1"><img src="https://m.media-amazon.com/images/I/41V3rm6NlZL._SL500_.jpg" alt="Product Image"></a><p>CARPRO PolyShave Decon Towel - Car Detailing Clay Decontamination Faster than Clay Bar, Clean & Release of Paint Contaminants and Glass - Increase Wax and Sealant Bond - 12" x 12" (1 Pack)</p><p>$39.97</p><a href="https://www.amazon.com/dp/B013K5V9PQ?tag=eloabder-20&linkCode=osi&th=1&psc=1">View Product</a></div><div class="product"><a href="https://www.amazon.com/dp/B0B788NBWG?tag=eloabder-20&linkCode=osi&th=1&psc=1"><img src="https://m.media-amazon.com/images/I/51NDfAOuEmL._SL500_.jpg" alt="Product Image"></a><p>P & S Professional Detail Products - Clay Decontamination Towel - Effective Cleaning & Release of Paint Contaminants; Increase Wax & Sealant Bond; Enhance Gloss & Depth of Color; Fine Grade-12" x 12"</p><p>$34.95</p><a href="https://www.amazon.com/dp/B0B788NBWG?tag=eloabder-20&linkCode=osi&th=1&psc=1">View Product</a></div><div class="product"><a href="https://www.amazon.com/dp/B0B27TFK69?tag=eloabder-20&linkCode=osi&th=1&psc=1"><img src="https://m.media-amazon.com/images/I/41zJPQIcqeL._SL500_.jpg" alt="Product Image"></a><p>The Rag Company - Ultra Clay Decontamination Mitt - Easy to Use; Effective Cleaning & Release of Paint Contaminants; Increase Wax & Sealant Bond; Enhance Gloss &Color Depth; Fine Grade (8.7"x5.7")</p><p>$34.95</p><a href="https://www.amazon.com/dp/B0B27TFK69?tag=eloabder-20&linkCode=osi&th=1&psc=1">View Product</a></div><div class="product"><a href="https://www.amazon.com/dp/B0C6XBN14N?tag=eloabder-20&linkCode=osi&th=1&psc=1"><img src="https://m.media-amazon.com/images/I/31BSavOJ89L._SL500_.jpg" alt="Product Image"></a><p>3D Iron Remover GLW Series | DIY Car Detailing | Hyper Effective Wheel Decontamination | Removes Iron Particles, Dirt, Brake Dust | Rapid Results | Ultimate Iron & Surface Contaminate Eliminator, 16oz</p><p>$17.99</p><a href="https://www.amazon.com/dp/B0C6XBN14N?tag=eloabder-20&linkCode=osi&th=1&psc=1">View Product</a></div>







<div class="product"><a href="https://www.amazon.com/dp/B0D2SPCW3G?tag=eloabder-20&linkCode=osi&th=1&psc=1"><img src="https://m.media-amazon.com/images/I/41JYIg6xqqL._SL500_.jpg" alt="Product Image"></a><p>Crankcase Ventilation Oil Separator with Gasket Compatible for 2008-2014 Volvo Mack D13 D16 MP8 Engine Replace 21122541 20499419</p><p>$155.99</p><a href="https://www.amazon.com/dp/B0D2SPCW3G?tag=eloabder-20&linkCode=osi&th=1&psc=1">View Product</a></div>

<div class="product"><a href="https://www.amazon.com/dp/B0C6M2FHGX?tag=eloabder-20&linkCode=osi&th=1&psc=1"><img src="https://m.media-amazon.com/images/I/21wWRrpHdbL._SL500_.jpg" alt="Product Image"></a><p>eMagTech 9PCS Warning Sign Please No Smoking Vaping Food Drink Stickers 110x50mm Self-Adhesive Vinyl Window Decal for Car Taxis Buses Minibuses</p><p>$9.49</p><a href="https://www.amazon.com/dp/B0C6M2FHGX?tag=eloabder-20&linkCode=osi&th=1&psc=1">View Product</a></div>

Aucun résultat trouvé.

<div class="product"><a href="https://www.amazon.com/dp/B0CVWZZMRY?tag=eloabder-20&linkCode=osi&th=1&psc=1"><img src="https://m.media-amazon.com/images/I/512y-1GwQNL._SL500_.jpg" alt="Product Image"></a><p>Jewkot 4 PCS Car Wiper Strip, 28" Boneless Structure Car Windshield Cleaning Wiper Strip, DIY Length Auxiliary Cleaning Replacement Accessory, Suitable for Most Cars, Vans, Trucks, Buses (Black)</p><p>$5.58</p><a href="https://www.amazon.com/dp/B0CVWZZMRY?tag=eloabder-20&linkCode=osi&th=1&psc=1">View Product</a></div>
<div class="product"><a href="https://www.amazon.com/dp/B07L3VQC6W?tag=eloabder-20&linkCode=osi&th=1&psc=1"><img src="https://m.media-amazon.com/images/I/41GebP+2HYL._SL500_.jpg" alt="Product Image"></a><p>BRISA VW Collection Volkswagen Air Freshener, Room Freshener, Deodorizer for Cars T1 Bus Campervan Motif (Citrus/Yellow/Set of 2)</p><p>$13.90 ($6.95 / Count)</p><a href="https://www.amazon.com/dp/B07L3VQC6W?tag=eloabder-20&linkCode=osi&th=1&psc=1">View Product</a></div><div class="product"><a href="https://www.amazon.com/dp/B07L3V86JS?tag=eloabder-20&linkCode=osi&th=1&psc=1"><img src="https://m.media-amazon.com/images/I/41TblWhKhQL._SL500_.jpg" alt="Product Image"></a><p>BRISA VW Collection Volkswagen Air Freshener, Room Freshener, Deodorizer for Cars T1 Bus Campervan Motif (New Car/Green/Set of 2)</p><p>$13.90 ($6.95 / Count)</p><a href="https://www.amazon.com/dp/B07L3V86JS?tag=eloabder-20&linkCode=osi&th=1&psc=1">View Product</a></div>


Aucun résultat trouvé.










<div class="product"><a href="https://www.amazon.com/dp/B099HL5SV2?tag=eloabder-20&linkCode=osi&th=1&psc=1"><img src="https://m.media-amazon.com/images/I/31kcR8HnylL._SL500_.jpg" alt="Product Image"></a><p>Philips GoPure GP5212 High Performance HEPA Air Purifier for Car, Removes up to 100 Pollutants, Exhaust Fumes, VOCs, Smoke, Bad Odors, Bacteria and Viruses</p><p>$77.59</p><a href="https://www.amazon.com/dp/B099HL5SV2?tag=eloabder-20&linkCode=osi&th=1&psc=1">View Product</a></div><div class="product"><a href="https://www.amazon.com/dp/B07TB419F7?tag=eloabder-20&linkCode=osi&th=1&psc=1"><img src="https://m.media-amazon.com/images/I/41l9XK-u-eL._SL500_.jpg" alt="Product Image"></a><p>Enoch Ionic Car Air Purifier with Dual USB Car Charger. Car Air Freshener Eliminates Odor, Dust. Removes Smoke, Pet and Food Odor. Ionic Ozone Car Deodorizer (Matt Black)</p><p>$24.50</p><a href="https://www.amazon.com/dp/B07TB419F7?tag=eloabder-20&linkCode=osi&th=1&psc=1">View Product</a></div><div class="product"><a href="https://www.amazon.com/dp/B08C9LKKMM?tag=eloabder-20&linkCode=osi&th=1&psc=1"><img src="https://m.media-amazon.com/images/I/41uJDRzxfrL._SL500_.jpg" alt="Product Image"></a><p>4WDKING Car Air Purifier Ionizer, 12V Plug-in Car Air Freshener Gadgets with Dual USB Charger Removes Cigarette Smoke, Pet and Food Odor, Ionic Ozone (Black)</p><p>$22.99</p><a href="https://www.amazon.com/dp/B08C9LKKMM?tag=eloabder-20&linkCode=osi&th=1&psc=1">View Product</a></div><div class="product"><a href="https://www.amazon.com/dp/B07C7D366L?tag=eloabder-20&linkCode=osi&th=1&psc=1"><img src="https://m.media-amazon.com/images/I/51GvjMcOskL._SL500_.jpg" alt="Product Image"></a><p>Car Air Purifier Ionizer - 12V Plug-in Ionic Anti-Microbial Car Deodorizer with Dual USB Charger - Smoke Smell, Pet and Food Odors, Allergens, Viruses Eliminator for Car (Matte Silver)</p><p>$24.99</p><a href="https://www.amazon.com/dp/B07C7D366L?tag=eloabder-20&linkCode=osi&th=1&psc=1">View Product</a></div><div class="product"><a href="https://www.amazon.com/dp/B086H3FW7T?tag=eloabder-20&linkCode=osi&th=1&psc=1"><img src="https://m.media-amazon.com/images/I/51FfQTz4koL._SL500_.jpg" alt="Product Image"></a><p>bmbu 1000g Large Bamboo Charcoal Air Purifier Bag - Car Deodorizer/Car Freshener - Remove Odor and Control Moisture in Your RV, Camper, SUV, Car, Truck, Closet, Mobile Home, Storage - Non Fragrant</p><p>$22.99 ($0.65 / Ounce)</p><a href="https://www.amazon.com/dp/B086H3FW7T?tag=eloabder-20&linkCode=osi&th=1&psc=1">View Product</a></div><div class="product"><a href="https://www.amazon.com/dp/B019NXUJ5K?tag=eloabder-20&linkCode=osi&th=1&psc=1"><img src="https://m.media-amazon.com/images/I/31grLw6pdUL._SL500_.jpg" alt="Product Image"></a><p>PURGGO Car Air Freshener - Lasts 365+ Days No Chemicals 100% Activated Bamboo Charcoal Fragrance-Free Deodorizer, Natural Auto Odor Eliminator, Purifier, Neutralizer, Absorb Smoke Smell</p><p>$25.99</p><a href="https://www.amazon.com/dp/B019NXUJ5K?tag=eloabder-20&linkCode=osi&th=1&psc=1">View Product</a></div><div class="product"><a href="https://www.amazon.com/dp/B0CT5TBKH5?tag=eloabder-20&linkCode=osi&th=1&psc=1"><img src="https://m.media-amazon.com/images/I/41UB7n6FuwL._SL500_.jpg" alt="Product Image"></a><p>Timgle 1 Pack Car Air Freshener, Lasts 365+ Days, No Chemicals 100% Activated Bamboo Charcoal Fragrance, Free Deodorizer, Natural Auto Odor Eliminator, Purifier, Neutralizer (Khaki Strap)</p><p>$10.99</p><a href="https://www.amazon.com/dp/B0CT5TBKH5?tag=eloabder-20&linkCode=osi&th=1&psc=1">View Product</a></div><div class="product"><a href="https://www.amazon.com/dp/B00V4049K2?tag=eloabder-20&linkCode=osi&th=1&psc=1"><img src="https://m.media-amazon.com/images/I/51rLLMGOc6L._SL500_.jpg" alt="Product Image"></a><p>PURGGO Car Air Freshener - Auto Odor Eliminator - 100% Activated Bamboo Charcoal Air Purifier, Ionizer - Absorb and Remove Smoke Smell - Fragrance-Free Deodorizer - Lasts 365+ Days [Classic Beige]</p><p>$25.99</p><a href="https://www.amazon.com/dp/B00V4049K2?tag=eloabder-20&linkCode=osi&th=1&psc=1">View Product</a></div>




<div class="product"><a href="https://www.amazon.com/dp/B0D464228M?tag=eloabder-20&linkCode=osi&th=1&psc=1"><img src="https://m.media-amazon.com/images/I/315VtBe9l-L._SL500_.jpg" alt="Product Image"></a><p>Drift Car Air Freshener - Wood Air Freshener - Car Odor Eliminator - Open Air Scent Starter Kit</p><p>$11.95</p><a href="https://www.amazon.com/dp/B0D464228M?tag=eloabder-20&linkCode=osi&th=1&psc=1">View Product</a></div>
<div class="product"><a href="https://www.amazon.com/dp/B071HR14SJ?tag=eloabder-20&linkCode=osi&th=1&psc=1"><img src="https://m.media-amazon.com/images/I/41crypCefDL._SL500_.jpg" alt="Product Image"></a><p>Meguiar's Gold Class Car Wash Soap, Ultra-Rich Car Wash Soap and Conditioner for Car Cleaning, Car Wash Soap to Clean and Condition in One Easy Step, 1 Gallon Car Wash Soap</p><p>$24.99 ($0.20 / Ounce)</p><a href="https://www.amazon.com/dp/B071HR14SJ?tag=eloabder-20&linkCode=osi&th=1&psc=1">View Product</a></div><div class="product"><a href="https://www.amazon.com/dp/B085R9L9Q9?tag=eloabder-20&linkCode=osi&th=1&psc=1"><img src="https://m.media-amazon.com/images/I/41tAv1FNbZL._SL500_.jpg" alt="Product Image"></a><p>Armor All Extreme Shield Protectant Spray , Interior Car Cleaner with UV Protection Against Cracking and Fading, 16 Fl Oz</p><p>$8.98 ($0.56 / Fl Oz)</p><a href="https://www.amazon.com/dp/B085R9L9Q9?tag=eloabder-20&linkCode=osi&th=1&psc=1">View Product</a></div><div class="product"><a href="https://www.amazon.com/dp/B016NA9Y4S?tag=eloabder-20&linkCode=osi&th=1&psc=1"><img src="https://m.media-amazon.com/images/I/31oz8VJFdjL._SL500_.jpg" alt="Product Image"></a><p>Rain-X 5079281-2 Latitude 2-In-1 Wiper Blades, 26 Inch Windshield Wipers (Pack Of 1), Automotive Replacement Windshield Wiper Blades With Patented Rain-X Water Repellency Formula</p><p>$17.08</p><a href="https://www.amazon.com/dp/B016NA9Y4S?tag=eloabder-20&linkCode=osi&th=1&psc=1">View Product</a></div><div class="product"><a href="https://www.amazon.com/dp/B0D2PCCJVK?tag=eloabder-20&linkCode=osi&th=1&psc=1"><img src="https://m.media-amazon.com/images/I/41BFT-c3a9L._SL500_.jpg" alt="Product Image"></a><p>HoogaLife Car Air Freshener Diffuser – Revitalize Your Drive with Hanging Air Freshener Diffuser Aromatic Bliss On The Go(VANILLA CREAM)</p><p>$12.99 ($24.06 / Fl Oz)</p><a href="https://www.amazon.com/dp/B0D2PCCJVK?tag=eloabder-20&linkCode=osi&th=1&psc=1">View Product</a></div><div class="product"><a href="https://www.amazon.com/dp/B0D17SKCLF?tag=eloabder-20&linkCode=osi&th=1&psc=1"><img src="https://m.media-amazon.com/images/I/51VjaK8JNmL._SL500_.jpg" alt="Product Image"></a><p>AIDEA Car Wash Mitt Microfiber, 1PK-Scratch-Free& Lint-Free, Premium Chenille Microfiber Wash Mitt-Green Regular Size (7.12''X10.14'')</p><p>$5.99</p><a href="https://www.amazon.com/dp/B0D17SKCLF?tag=eloabder-20&linkCode=osi&th=1&psc=1">View Product</a></div>








<div class="product"><a href="https://www.amazon.com/dp/B00UZE8D00?tag=eloabder-20&linkCode=osi&th=1&psc=1"><img src="https://m.media-amazon.com/images/I/517VVkgvgcL._SL500_.jpg" alt="Product Image"></a><p>Chemical Guys HOL_996 Convertible Top Cleaner and Protectant Kit, 16 oz, 2 Items</p><p>$29.99</p><a href="https://www.amazon.com/dp/B00UZE8D00?tag=eloabder-20&linkCode=osi&th=1&psc=1">View Product</a></div><div class="product"><a href="https://www.amazon.com/dp/B004HCS4NW?tag=eloabder-20&linkCode=osi&th=1&psc=1"><img src="https://m.media-amazon.com/images/I/41j5b6xRqNL._SL500_.jpg" alt="Product Image"></a><p>Meguiar's Convertible Top Cleaner - Fabric Convertible Top Cleaner and Vinyl Convertible Top Cleaner in One Advanced Formula - Safely Removes Stains, Mildew, Bird Droppings, and More, 16 Oz</p><p>$6.87 ($0.43 / Ounce)</p><a href="https://www.amazon.com/dp/B004HCS4NW?tag=eloabder-20&linkCode=osi&th=1&psc=1">View Product</a></div><div class="product"><a href="https://www.amazon.com/dp/B00UZE80N0?tag=eloabder-20&linkCode=osi&th=1&psc=1"><img src="https://m.media-amazon.com/images/I/31FG83SK9SL._SL500_.jpg" alt="Product Image"></a><p>Chemical Guys SPI_193_16 Convertible Top Protectant and Repellent, (Helps Prevent Fading & Discoloration on Fabric Sot Tops) 16 fl oz (Packaging May Vary)</p><p>$19.99 ($1.25 / Fl Oz)</p><a href="https://www.amazon.com/dp/B00UZE80N0?tag=eloabder-20&linkCode=osi&th=1&psc=1">View Product</a></div><div class="product"><a href="https://www.amazon.com/dp/B00UZE8C1A?tag=eloabder-20&linkCode=osi&th=1&psc=1"><img src="https://m.media-amazon.com/images/I/31aLnXKZxfL._SL500_.jpg" alt="Product Image"></a><p>Chemical Guys ACC_S94 Convertible Top Horse Hair Cleaning Brush, Safe for Cloth Soft Tops, Upholstery, Leather, Furniture, & More</p><p>$14.99</p><a href="https://www.amazon.com/dp/B00UZE8C1A?tag=eloabder-20&linkCode=osi&th=1&psc=1">View Product</a></div><div class="product"><a href="https://www.amazon.com/dp/B000A8JNF0?tag=eloabder-20&linkCode=osi&th=1&psc=1"><img src="https://m.media-amazon.com/images/I/51PLChiVIrL._SL500_.jpg" alt="Product Image"></a><p>303 Products Convertible Fabric Top Cleaning and Care Kit - Cleans And Protects Fabric Tops - Includes Tonneau Cover And Convertible Top Cleaner 16 fl. oz. + Fabric Guard, (30520)</p><p>$32.79 ($1.02 / Fl Oz)</p><a href="https://www.amazon.com/dp/B000A8JNF0?tag=eloabder-20&linkCode=osi&th=1&psc=1">View Product</a></div>
<div class="product"><a href="https://www.amazon.com/dp/B0BCQ1XMWV?tag=eloabder-20&linkCode=osi&th=1&psc=1"><img src="https://m.media-amazon.com/images/I/41lV6Au-S9L._SL500_.jpg" alt="Product Image"></a><p>EMITHSUN® Windshield Wiper Blades Replacement for Honda Civic Coupe 2 Door 2005-2011,That Meet OEM Quality Front Wipers Blade Set for My Car-28"+24"(Set of 2)</p><p>$19.99</p><a href="https://www.amazon.com/dp/B0BCQ1XMWV?tag=eloabder-20&linkCode=osi&th=1&psc=1">View Product</a></div>
<div class="product"><a href="https://www.amazon.com/dp/B00I8ITVZG?tag=eloabder-20&linkCode=osi&th=1&psc=1"><img src="https://m.media-amazon.com/images/I/41TXd564pcL._SL500_.jpg" alt="Product Image"></a><p>ECOGARD XC36067 Premium Cabin Air Filter Fits Hyundai Genesis 2009-2016, Equus 2011-2016 | Genesis G80 2017-2021, G90 2019-2021, GV80 2021 | Kia K900 2020</p><p>$10.98</p><a href="https://www.amazon.com/dp/B00I8ITVZG?tag=eloabder-20&linkCode=osi&th=1&psc=1">View Product</a></div>

<div class="product"><a href="https://www.amazon.com/dp/B097C3NCP1?tag=eloabder-20&linkCode=osi&th=1&psc=1"><img src="https://m.media-amazon.com/images/I/41GXST2+s6L._SL500_.jpg" alt="Product Image"></a><p>Raidbee 12 inch Rear Wiper Blade Replacement for Toyota Corolla Hatchback 2022-2019, Nissan Versa 2019-2014 Back Windshield Wiper (H306/12-B)</p><p>$6.99</p><a href="https://www.amazon.com/dp/B097C3NCP1?tag=eloabder-20&linkCode=osi&th=1&psc=1">View Product</a></div>



<div class="product"><a href="https://www.amazon.com/dp/B0CQ4MLKHJ?tag=eloabder-20&linkCode=osi&th=1&psc=1"><img src="https://m.media-amazon.com/images/I/519f8covwQL._SL500_.jpg" alt="Product Image"></a><p>Feetiger All-in-1 Fire Extinguisher for Home, Kitchen, Car, Garage, RV, Truck, Boat, Camping, Fire Spray that Tackles Multiple Types of Fire, 2pack</p><p>$39.99</p><a href="https://www.amazon.com/dp/B0CQ4MLKHJ?tag=eloabder-20&linkCode=osi&th=1&psc=1">View Product</a></div>
<div class="product"><a href="https://www.amazon.com/dp/B07TS4JV6H?tag=eloabder-20&linkCode=osi&th=1&psc=1"><img src="https://m.media-amazon.com/images/I/412htpDd6fL._SL500_.jpg" alt="Product Image"></a><p>Police Flag Air Freshener, New Car Scent, 6-Pack</p><p>$9.99 ($1.66 / Count)</p><a href="https://www.amazon.com/dp/B07TS4JV6H?tag=eloabder-20&linkCode=osi&th=1&psc=1">View Product</a></div>


<div class="product"><a href="https://www.amazon.com/dp/B009EU5ZNO?tag=eloabder-20&linkCode=osi&th=1&psc=1"><img src="https://m.media-amazon.com/images/I/515MJLZbnoL._SL500_.jpg" alt="Product Image"></a><p>J-B Weld 50133 Plastic Bonder Structural Adhesive Syringe - Tan - 25 ml</p><p>$6.98 ($8.21 / Fl Oz)</p><a href="https://www.amazon.com/dp/B009EU5ZNO?tag=eloabder-20&linkCode=osi&th=1&psc=1">View Product</a></div>



<div class="product"><a href="https://www.amazon.com/dp/B09P6YZP72?tag=eloabder-20&linkCode=osi&th=1&psc=1"><img src="https://m.media-amazon.com/images/I/416rlvu+ayL._SL500_.jpg" alt="Product Image"></a><p>AUTOBOO 26"+20" Windshield Wipers with 16" Rear Wiper Blade Replacement for Dodge Grand Caravan 2008-2012 2013 2014 2015 2016 2017 2018 2019 -Original Factory Quality (Pack of 3)</p><p>$23.99</p><a href="https://www.amazon.com/dp/B09P6YZP72?tag=eloabder-20&linkCode=osi&th=1&psc=1">View Product</a></div><div class="product"><a href="https://www.amazon.com/dp/B0BLYQBDS8?tag=eloabder-20&linkCode=osi&th=1&psc=1"><img src="https://m.media-amazon.com/images/I/51SbpSR2zBL._SL500_.jpg" alt="Product Image"></a><p>A-Premium Engine Air Filter Compatible with Chrysler Town & Country & Dodge Grand Caravan & Ram C/V & Volkswagen Routan, 2011-2020, Flexible Panel, Replace# 4861737AA</p><p>$12.99</p><a href="https://www.amazon.com/dp/B0BLYQBDS8?tag=eloabder-20&linkCode=osi&th=1&psc=1">View Product</a></div>
<div class="product"><a href="https://www.amazon.com/dp/B001FCB4JS?tag=eloabder-20&linkCode=osi&th=1&psc=1"><img src="https://m.media-amazon.com/images/I/21wq6fxqiVL._SL500_.jpg" alt="Product Image"></a><p>Dicor BT-1834-1 Butyl Seal Tape - 1/8" x 3/4" x 30' Repair Tape for RV, Trailer, Motorhome, Window, and Vent Sealing</p><p>$13.15 ($0.44 / Foot)</p><a href="https://www.amazon.com/dp/B001FCB4JS?tag=eloabder-20&linkCode=osi&th=1&psc=1">View Product</a></div>
<div class="product"><a href="https://www.amazon.com/dp/B000BUQOD6?tag=eloabder-20&linkCode=osi&th=1&psc=1"><img src="https://m.media-amazon.com/images/I/41O0CoP1L3L._SL500_.jpg" alt="Product Image"></a><p>Camco Camper/RV Toilet Paper | Sewer-Safe, Septic-Safe & Biodegradable | Designed for Camper, Trailer & Marine Sanitation Systems | 1-Ply Tissue | 4 Toilet Paper Rolls – 280 Sheets per Roll (40275)</p><p>$5.99 ($2.14 / 100 Sheets)</p><a href="https://www.amazon.com/dp/B000BUQOD6?tag=eloabder-20&linkCode=osi&th=1&psc=1">View Product</a></div><div class="product"><a href="https://www.amazon.com/dp/B007JG1W1E?tag=eloabder-20&linkCode=osi&th=1&psc=1"><img src="https://m.media-amazon.com/images/I/41i-j99E9ML._SL500_.jpg" alt="Product Image"></a><p>Camco TST Camper / RV Grey Water Odor Control - Removes Grease Buildup in Gray Water Tank, Sink & Shower Drains - 4oz Treats 40-Gal Holding Tank - Safe Septic Tank Treatment - Lemon, 64 oz (40256)</p><p>$19.94 ($0.31 / Fl Oz)</p><a href="https://www.amazon.com/dp/B007JG1W1E?tag=eloabder-20&linkCode=osi&th=1&psc=1">View Product</a></div><div class="product"><a href="https://www.amazon.com/dp/B016V2OSD0?tag=eloabder-20&linkCode=osi&th=1&psc=1"><img src="https://m.media-amazon.com/images/I/31Jm99RYVXL._SL500_.jpg" alt="Product Image"></a><p>Camco TST MAX RV Toilet Treatment Drop-INs | Control Unwanted Odors and Break Down Waste and Tissue | Septic Tank Safe | Lavender Scent | 15-pack (41559)</p><p>$11.97 ($0.80 / Count)</p><a href="https://www.amazon.com/dp/B016V2OSD0?tag=eloabder-20&linkCode=osi&th=1&psc=1">View Product</a></div>






<div class="product"><a href="https://www.amazon.com/dp/B006GJYOL0?tag=eloabder-20&linkCode=osi&th=1&psc=1"><img src="https://m.media-amazon.com/images/I/41YPjiCzDfL._SL500_.jpg" alt="Product Image"></a><p>Boat Bling HS-0128 Hot Sauce Hard Water Spot Remover, Gallon Refill, for Boats, RVs, Powersport Vehicles and More, Black,1 Gallon</p><p>$54.95 ($0.43 / Fl Oz)</p><a href="https://www.amazon.com/dp/B006GJYOL0?tag=eloabder-20&linkCode=osi&th=1&psc=1">View Product</a></div><div class="product"><a href="https://www.amazon.com/dp/B0000AXVCB?tag=eloabder-20&linkCode=osi&th=1&psc=1"><img src="https://m.media-amazon.com/images/I/51gtsDb7zDL._SL500_.jpg" alt="Product Image"></a><p>Meguiar's M4364 Marine/RV Boat Wash - 64 Oz Container</p><p>$13.99 ($0.22 / Fl Oz)</p><a href="https://www.amazon.com/dp/B0000AXVCB?tag=eloabder-20&linkCode=osi&th=1&psc=1">View Product</a></div><div class="product"><a href="https://www.amazon.com/dp/B0007TR47G?tag=eloabder-20&linkCode=osi&th=1&psc=1"><img src="https://m.media-amazon.com/images/I/41Q4SzlVojL._SL500_.jpg" alt="Product Image"></a><p>Meguiar's Flagship Premium Marine Wax, Boat Polish and Oxidation Remover - 32 Oz Bottle</p><p>$21.49</p><a href="https://www.amazon.com/dp/B0007TR47G?tag=eloabder-20&linkCode=osi&th=1&psc=1">View Product</a></div><div class="product"><a href="https://www.amazon.com/dp/B006GJYLFY?tag=eloabder-20&linkCode=osi&th=1&psc=1"><img src="https://m.media-amazon.com/images/I/31G78TSjssL._SL500_.jpg" alt="Product Image"></a><p>Boat Bling Condition Sauce Premium Interior Moisturizer w/UV Protection, 32 oz.</p><p>$27.95</p><a href="https://www.amazon.com/dp/B006GJYLFY?tag=eloabder-20&linkCode=osi&th=1&psc=1">View Product</a></div><div class="product"><a href="https://www.amazon.com/dp/B006GJYKWI?tag=eloabder-20&linkCode=osi&th=1&psc=1"><img src="https://m.media-amazon.com/images/I/41AcDanNz-L._SL500_.jpg" alt="Product Image"></a><p>Boat Bling VS-0032 Vinyl Sauce Premium Vinyl and Leather Cleaner, 32 Oz., for Boats, RVs, Powersport Vehicles and More</p><p>$22.95 ($0.72 / Fl Oz)</p><a href="https://www.amazon.com/dp/B006GJYKWI?tag=eloabder-20&linkCode=osi&th=1&psc=1">View Product</a></div>
<div class="product"><a href="https://www.amazon.com/dp/B004OJTEKK?tag=eloabder-20&linkCode=osi&th=1&psc=1"><img src="https://m.media-amazon.com/images/I/41q8kkNiKOL._SL500_.jpg" alt="Product Image"></a><p>Shurhold Yacht Brite YBP-0302 Brite Wash - 1 Gallon</p><p>$23.97 ($0.19 / Fl Oz)</p><a href="https://www.amazon.com/dp/B004OJTEKK?tag=eloabder-20&linkCode=osi&th=1&psc=1">View Product</a></div>




<div class="product"><a href="https://www.amazon.com/dp/B0B2RDZNZB?tag=eloabder-20&linkCode=osi&th=1&psc=1"><img src="https://m.media-amazon.com/images/I/51RVSUoRuGL._SL500_.jpg" alt="Product Image"></a><p>Fancemot Helicopter Car Air Fresheners Rotating Solar Car Fresheners Airplane Car Perfume (Osmanthus & Vanilla)</p><p>$14.08</p><a href="https://www.amazon.com/dp/B0B2RDZNZB?tag=eloabder-20&linkCode=osi&th=1&psc=1">View Product</a></div><div class="product"><a href="https://www.amazon.com/dp/B0994PG1ZD?tag=eloabder-20&linkCode=osi&th=1&psc=1"><img src="https://m.media-amazon.com/images/I/413er0A8cVS._SL500_.jpg" alt="Product Image"></a><p>NICEADA Car Air Freshener, Helicopter Solar Energy Rotating Aromatherapy Aviation Al Alloy Diffuser, Interior Decoration Accessories Diffuser for Car and Home (Silver)</p><p>$23.99</p><a href="https://www.amazon.com/dp/B0994PG1ZD?tag=eloabder-20&linkCode=osi&th=1&psc=1">View Product</a></div><div class="product"><a href="https://www.amazon.com/dp/B09ZTMZKSJ?tag=eloabder-20&linkCode=osi&th=1&psc=1"><img src="https://m.media-amazon.com/images/I/41rz5PydC9L._SL500_.jpg" alt="Product Image"></a><p>Air Freshener, Gigicloud Car Fragrance Diffuser Solar Rotating Automotive Air Fresheners Ornament Helicopter Shape Solid Aromatherapy Decoration for Car and Home (Black)</p><p>$15.49</p><a href="https://www.amazon.com/dp/B09ZTMZKSJ?tag=eloabder-20&linkCode=osi&th=1&psc=1">View Product</a></div><div class="product"><a href="https://www.amazon.com/dp/B0CWNNPCD3?tag=eloabder-20&linkCode=osi&th=1&psc=1"><img src="https://m.media-amazon.com/images/I/51nznnJJhfL._SL500_.jpg" alt="Product Image"></a><p>Car Air Freshener Diffuser, KaiDengZhe 1PCS Helicopter Solar Energy Rotating Aromatherapy Aviation Al Alloy Diffuser, Car Diffuser for Essential Oils, Relieve Stress and Purifie Odors for Car and Home</p><p>$15.99</p><a href="https://www.amazon.com/dp/B0CWNNPCD3?tag=eloabder-20&linkCode=osi&th=1&psc=1">View Product</a></div><div class="product"><a href="https://www.amazon.com/dp/B0B8T47G65?tag=eloabder-20&linkCode=osi&th=1&psc=1"><img src="https://m.media-amazon.com/images/I/41d6cgVheqL._SL500_.jpg" alt="Product Image"></a><p>Joyfunky Car Air Fresheners with Solar Rotating, Creative Car Perfume Decoration, Relieve Stress and Purifie Odors, Use at Car, office and Home, Silver</p><p>$12.99</p><a href="https://www.amazon.com/dp/B0B8T47G65?tag=eloabder-20&linkCode=osi&th=1&psc=1">View Product</a></div><div class="product"><a href="https://www.amazon.com/dp/B0D4ZHJVK8?tag=eloabder-20&linkCode=osi&th=1&psc=1"><img src="https://m.media-amazon.com/images/I/41sEhsjtb4L._SL500_.jpg" alt="Product Image"></a><p>NICEADA Helicopter Solar Car Air Freshener Refill Set, Solar Essential Oil Refill Perfume Oil for Car Air Fresheners(4 Packs)</p><p>$21.99 ($24.99 / Fl Oz)</p><a href="https://www.amazon.com/dp/B0D4ZHJVK8?tag=eloabder-20&linkCode=osi&th=1&psc=1">View Product</a></div><div class="product"><a href="https://www.amazon.com/dp/B0D251XW47?tag=eloabder-20&linkCode=osi&th=1&psc=1"><img src="https://m.media-amazon.com/images/I/41x6lmNq9fL._SL500_.jpg" alt="Product Image"></a><p>Helicopter Car Air Fresheners with Solar Rotating, Creative Car Perfume Decoration, Car Airplane Fragrance Diffuser for Car, Home, Office (Silver)</p><p>$13.09</p><a href="https://www.amazon.com/dp/B0D251XW47?tag=eloabder-20&linkCode=osi&th=1&psc=1">View Product</a></div>

<div class="product"><a href="https://www.amazon.com/dp/B0D4154TQG?tag=eloabder-20&linkCode=osi&th=1&psc=1"><img src="https://m.media-amazon.com/images/I/217Iw-nO3UL._SL500_.jpg" alt="Product Image"></a><p>RV Curtain Glide Tape A115, 1/2 Inch Glides Clear RV Curtain Strip Curtain Slide Tape 72 Inches Long Use with Ceiling or Wall Mount Curtain Track A201 A202 (2 Pack)</p><p>$17.99</p><a href="https://www.amazon.com/dp/B0D4154TQG?tag=eloabder-20&linkCode=osi&th=1&psc=1">View Product</a></div>
<div class="product"><a href="https://www.amazon.com/dp/B08W4PQN8L?tag=eloabder-20&linkCode=osi&th=1&psc=1"><img src="https://m.media-amazon.com/images/I/41udmrd6QTL._SL500_.jpg" alt="Product Image"></a><p>Hot Air Balloon Novelty Air Freshener for Car - Sandalwood Scented Automotive Accessory New Mexico Souvenir Gift (Pack of 4)</p><p>$7.99 ($2.00 / Count)</p><a href="https://www.amazon.com/dp/B08W4PQN8L?tag=eloabder-20&linkCode=osi&th=1&psc=1">View Product</a></div>















<div class="product"><a href="https://www.amazon.com/dp/B0CP87K2VD?tag=eloabder-20&linkCode=osi&th=1&psc=1"><img src="https://m.media-amazon.com/images/I/41dTH4OPkcL._SL500_.jpg" alt="Product Image"></a><p>For harley air cleaner filter Touring street glide road king electra tri trike Dyna Sportster XL 883 1200 Softail air intake (Drift style -Contrast Cut, C-For Touring 08-16, Softail 16-17)</p><p>$125.00</p><a href="https://www.amazon.com/dp/B0CP87K2VD?tag=eloabder-20&linkCode=osi&th=1&psc=1">View Product</a></div><div class="product"><a href="https://www.amazon.com/dp/B08DNLNY3G?tag=eloabder-20&linkCode=osi&th=1&psc=1"><img src="https://m.media-amazon.com/images/I/51baNj3o8CL._SL500_.jpg" alt="Product Image"></a><p>2963308 HD1508 Ultra Classic Air Filter Cleaner for 2008-2014 Harley Davidson Street Glide, Electra Glide, Road King, Road Glide Custom, Ultra Classic and other select models HD-1508</p><p>$21.99</p><a href="https://www.amazon.com/dp/B08DNLNY3G?tag=eloabder-20&linkCode=osi&th=1&psc=1">View Product</a></div><div class="product"><a href="https://www.amazon.com/dp/B0CQ2KKC3N?tag=eloabder-20&linkCode=osi&th=1&psc=1"><img src="https://m.media-amazon.com/images/I/31W2a0gAwIL._SL500_.jpg" alt="Product Image"></a><p>High-Flo Replacement Air Filter Element For Ventilator - Milwaukee-Eight Engine '18-later Softail and '17-later Touring and Trike Models Equipped with 114 Air Cleaner</p><p>$39.99</p><a href="https://www.amazon.com/dp/B0CQ2KKC3N?tag=eloabder-20&linkCode=osi&th=1&psc=1">View Product</a></div><div class="product"><a href="https://www.amazon.com/dp/B0CPJ5BSGM?tag=eloabder-20&linkCode=osi&th=1&psc=1"><img src="https://m.media-amazon.com/images/I/41cUadnGKpL._SL500_.jpg" alt="Product Image"></a><p>For harley air cleaner filter sportster street road glide king for harley davidson motorcycle air intake (Nake style -Black, A-For Sportster XL models)</p><p>$169.00</p><a href="https://www.amazon.com/dp/B0CPJ5BSGM?tag=eloabder-20&linkCode=osi&th=1&psc=1">View Product</a></div><div class="product"><a href="https://www.amazon.com/dp/B0CR17NS1M?tag=eloabder-20&linkCode=osi&th=1&psc=1"><img src="https://m.media-amazon.com/images/I/41n57oM0A-L._SL500_.jpg" alt="Product Image"></a><p>For harley air cleaner filter Sportster Softail Touring street road king glide Dyna for harley davidson air intake filters (Speed 7 style -gray filter, C-For Touring 08-16, Softail 16-17)</p><p>$89.00</p><a href="https://www.amazon.com/dp/B0CR17NS1M?tag=eloabder-20&linkCode=osi&th=1&psc=1">View Product</a></div><div class="product"><a href="https://www.amazon.com/dp/B0CR167HDN?tag=eloabder-20&linkCode=osi&th=1&psc=1"><img src="https://m.media-amazon.com/images/I/41o4byfzbRL._SL500_.jpg" alt="Product Image"></a><p>For harley davidson air cleaner filter sportster Touring street glide road king electra Dyna Softail motorcycle air intake (Chromed- gray filter, C-For Touring 2008-2016)</p><p>$99.00</p><a href="https://www.amazon.com/dp/B0CR167HDN?tag=eloabder-20&linkCode=osi&th=1&psc=1">View Product</a></div>







<div class="product"><a href="https://www.amazon.com/dp/B08WH8CWDM?tag=eloabder-20&linkCode=osi&th=1&psc=1"><img src="https://m.media-amazon.com/images/I/41Jj3ouB+1L._SL500_.jpg" alt="Product Image"></a><p>Glaze 'N Seal Color Enhancer Paver Sealer, 1 Gallon (923)</p><p>$62.99</p><a href="https://www.amazon.com/dp/B08WH8CWDM?tag=eloabder-20&linkCode=osi&th=1&psc=1">View Product</a></div>

<div class="product"><a href="https://www.amazon.com/dp/B0B58G8WRX?tag=eloabder-20&linkCode=osi&th=1&psc=1"><img src="https://m.media-amazon.com/images/I/41hjxJMTGJL._SL500_.jpg" alt="Product Image"></a><p>Solarhome Air Filter 333-D2696 333D2696 Compatible with JCB Backhoe Loader 3CX 4CX Telehandler 531-70</p><p>$34.50</p><a href="https://www.amazon.com/dp/B0B58G8WRX?tag=eloabder-20&linkCode=osi&th=1&psc=1">View Product</a></div>




<div class="product"><a href="https://www.amazon.com/dp/B07G7XG6BV?tag=eloabder-20&linkCode=osi&th=1&psc=1"><img src="https://m.media-amazon.com/images/I/510tZGutn6L._SL500_.jpg" alt="Product Image"></a><p>Holikme 6Pack Cleaning Brush Power Scrubber Cleaning Brush Extended Long Attachment Set All Purpose Scrub Brushes Kit for Grout, Floor, Tub, Shower, Tile, Bathroom,Car Cleaning Brush，Yellow</p><p>$6.95</p><a href="https://www.amazon.com/dp/B07G7XG6BV?tag=eloabder-20&linkCode=osi&th=1&psc=1">View Product</a></div>



<div class="product"><a href="https://www.amazon.com/dp/B000FW2NWQ?tag=eloabder-20&linkCode=osi&th=1&psc=1"><img src="https://m.media-amazon.com/images/I/31VlBDw7uDL._SL500_.jpg" alt="Product Image"></a><p>Performance Tool W233 12-Inch Long Reach Extension Scraper with 3pc Double Edged Plastic Razor Scraper Blades and 3pc Carbon Steel Razor Scraper Blades</p><p>$10.31</p><a href="https://www.amazon.com/dp/B000FW2NWQ?tag=eloabder-20&linkCode=osi&th=1&psc=1">View Product</a></div>
<div class="product"><a href="https://www.amazon.com/dp/B0BV2CQ5SW?tag=eloabder-20&linkCode=osi&th=1&psc=1"><img src="https://m.media-amazon.com/images/I/51VkTDjGg4L._SL500_.jpg" alt="Product Image"></a><p>Filterelated Mixed Bed Deionized Di Resin Filter Fill, Suitable For Spotless Car Wash System Filter Change, Tds Filter, Aquarium Filter, Deionized Car Wash,5 Liters</p><p>$49.99</p><a href="https://www.amazon.com/dp/B0BV2CQ5SW?tag=eloabder-20&linkCode=osi&th=1&psc=1">View Product</a></div><div class="product"><a href="https://www.amazon.com/dp/B01MRVQ9UE?tag=eloabder-20&linkCode=osi&th=1&psc=1"><img src="https://m.media-amazon.com/images/I/51+i6fjU6tL._SL500_.jpg" alt="Product Image"></a><p>Husqvarna XP Pre-Mixed Fuel and Engine Oil Quart (3 Pack),Blue</p><p>$32.99 ($0.34 / Count)</p><a href="https://www.amazon.com/dp/B01MRVQ9UE?tag=eloabder-20&linkCode=osi&th=1&psc=1">View Product</a></div>




<div class="product"><a href="https://www.amazon.com/dp/B01N2G2NEJ?tag=eloabder-20&linkCode=osi&th=1&psc=1"><img src="https://m.media-amazon.com/images/I/41-5g4zEDpL._SL500_.jpg" alt="Product Image"></a><p>Chemical Guys SPI10816 Heavy Duty Water Spot Remover, Safe for Cars, Trucks, Motorcycles, RVs & More, 16 fl oz</p><p>$17.97 ($1.12 / Fl Oz)</p><a href="https://www.amazon.com/dp/B01N2G2NEJ?tag=eloabder-20&linkCode=osi&th=1&psc=1">View Product</a></div>









<div class="product"><a href="https://www.amazon.com/dp/B08YRVH2QV?tag=eloabder-20&linkCode=osi&th=1&psc=1"><img src="https://m.media-amazon.com/images/I/5164O-Jr2QL._SL500_.jpg" alt="Product Image"></a><p>Thetford AquaMAX Summer Cypress Scent RV Holding Tank Treatment, Formaldehyde Free, Waste Digester, Septic Tank Safe, 5 Gallon Bottle (96754)</p><p>$248.18</p><a href="https://www.amazon.com/dp/B08YRVH2QV?tag=eloabder-20&linkCode=osi&th=1&psc=1">View Product</a></div><div class="product"><a href="https://www.amazon.com/dp/B0BPMW7485?tag=eloabder-20&linkCode=osi&th=1&psc=1"><img src="https://m.media-amazon.com/images/I/51WNuQeew7L._SL500_.jpg" alt="Product Image"></a><p>XFasten Butyl Tape Black 1/2” x 30’ x 1/8" Butyl Sealant Tape Headlight Sealant Putty Tape | Black Butyl Caulking Tape | Butyl Tape RV Putty Tape EPDM Automotive Butyl Rubber Window Sealant for RV</p><p>$13.99 ($0.47 / Foot)</p><a href="https://www.amazon.com/dp/B0BPMW7485?tag=eloabder-20&linkCode=osi&th=1&psc=1">View Product</a></div>
<div class="product"><a href="https://www.amazon.com/dp/B006DXWZQU?tag=eloabder-20&linkCode=osi&th=1&psc=1"><img src="https://m.media-amazon.com/images/I/41wtqfFFfQL._SL500_.jpg" alt="Product Image"></a><p>FRAM Ultra Synthetic Automotive Replacement Oil Filter, Designed for Synthetic Oil Changes Lasting up to 20k Miles, XG10575 with SureGrip (Pack of 1)</p><p>$10.79</p><a href="https://www.amazon.com/dp/B006DXWZQU?tag=eloabder-20&linkCode=osi&th=1&psc=1">View Product</a></div><div class="product"><a href="https://www.amazon.com/dp/B01LH7L0XA?tag=eloabder-20&linkCode=osi&th=1&psc=1"><img src="https://m.media-amazon.com/images/I/41yD3QmbyZL._SL500_.jpg" alt="Product Image"></a><p>Shell Rotella T4 Triple Protection Conventional 15W-40 Diesel Engine Oil (1-Gallon, Single Pack)</p><p>$15.98 ($0.12 / Fl Oz)</p><a href="https://www.amazon.com/dp/B01LH7L0XA?tag=eloabder-20&linkCode=osi&th=1&psc=1">View Product</a></div><div class="product"><a href="https://www.amazon.com/dp/B00ICSWGJ0?tag=eloabder-20&linkCode=osi&th=1&psc=1"><img src="https://m.media-amazon.com/images/I/41Ahz5dVc5L._SL500_.jpg" alt="Product Image"></a><p>Castrol Edge 5W-30 Advanced Full Synthetic Motor Oil, 5 Quarts</p><p>$24.72 ($0.15 / Fl Oz)</p><a href="https://www.amazon.com/dp/B00ICSWGJ0?tag=eloabder-20&linkCode=osi&th=1&psc=1">View Product</a></div><div class="product"><a href="https://www.amazon.com/dp/B01N8RPDT8?tag=eloabder-20&linkCode=osi&th=1&psc=1"><img src="https://m.media-amazon.com/images/I/41Qm+9e8sCL._SL500_.jpg" alt="Product Image"></a><p>Motorcraft - Oil - Engine (XO10W305Q3SD)</p><p>$32.27</p><a href="https://www.amazon.com/dp/B01N8RPDT8?tag=eloabder-20&linkCode=osi&th=1&psc=1">View Product</a></div>
<div class="product"><a href="https://www.amazon.com/dp/B07FTRZLM5?tag=eloabder-20&linkCode=osi&th=1&psc=1"><img src="https://m.media-amazon.com/images/I/416uoNYOsXL._SL500_.jpg" alt="Product Image"></a><p>Chemical Guys HOL126 14-Piece Arsenal Builder Car Wash Kit with Foam Gun, Bucket, and (5) 16 oz Car Care Cleaning Chemicals, Gift for Car & Truck Lovers, Dads and DIYers (Works w/Garden Hose)</p><p>$119.99</p><a href="https://www.amazon.com/dp/B07FTRZLM5?tag=eloabder-20&linkCode=osi&th=1&psc=1">View Product</a></div><div class="product"><a href="https://www.amazon.com/dp/B0741RL23Q?tag=eloabder-20&linkCode=osi&th=1&psc=1"><img src="https://m.media-amazon.com/images/I/410wwKZBYVL._SL500_.jpg" alt="Product Image"></a><p>Chemical Guys SPI220 Total Interior Cleaner and Protectant, Safe for Cars, Trucks, SUVs, Jeeps, Motorcycles, RVs & More, 128 fl oz (1 Gallon)</p><p>$54.99 ($0.43 / Fl Oz)</p><a href="https://www.amazon.com/dp/B0741RL23Q?tag=eloabder-20&linkCode=osi&th=1&psc=1">View Product</a></div><div class="product"><a href="https://www.amazon.com/dp/B002J7VX4Y?tag=eloabder-20&linkCode=osi&th=1&psc=1"><img src="https://m.media-amazon.com/images/I/41oijnffQ0L._SL500_.jpg" alt="Product Image"></a><p>Chemical Guys AIR_101_16 New Car Smell Premium Air Freshener and Odor Eliminator, Long-Lasting Scent, Great for Cars, Trucks, SUVs, RVs & More, 16 fl oz</p><p>$10.99 ($0.69 / Fl Oz)</p><a href="https://www.amazon.com/dp/B002J7VX4Y?tag=eloabder-20&linkCode=osi&th=1&psc=1">View Product</a></div><div class="product"><a href="https://www.amazon.com/dp/B077TPG55M?tag=eloabder-20&linkCode=osi&th=1&psc=1"><img src="https://m.media-amazon.com/images/I/51aYksYRthL._SL500_.jpg" alt="Product Image"></a><p>Chemical Guys CWS20264 Tough Mudder Foaming Truck, Off Road, ATV and RV Heavy Duty Wash Soap,(Works with Foam Cannons, Foam Guns or Bucket Washes), 64 fl oz (Half Gallon), Lemon Scent</p><p>$39.99 ($0.62 / Fl Oz)</p><a href="https://www.amazon.com/dp/B077TPG55M?tag=eloabder-20&linkCode=osi&th=1&psc=1">View Product</a></div><div class="product"><a href="https://www.amazon.com/dp/B00BJCAPEE?tag=eloabder-20&linkCode=osi&th=1&psc=1"><img src="https://m.media-amazon.com/images/I/416RIPKVW1L._SL500_.jpg" alt="Product Image"></a><p>Chemical Guys CWS_402 Mr. Pink Foaming Car Wash Soap (Works with Foam Cannons, Foam Guns or Bucket Washes) Safe for Cars, Trucks, Motorcycles, RVs & More, 128 fl oz, Candy Scent</p><p>$39.99 ($0.31 / Fl Oz)</p><a href="https://www.amazon.com/dp/B00BJCAPEE?tag=eloabder-20&linkCode=osi&th=1&psc=1">View Product</a></div><div class="product"><a href="https://www.amazon.com/dp/B01C6AISUK?tag=eloabder-20&linkCode=osi&th=1&psc=1"><img src="https://m.media-amazon.com/images/I/41FrDCDPB6S._SL500_.jpg" alt="Product Image"></a><p>Chemical Guys CLD_700_16 Mat Renew Rubber + Vinyl Floor Mat Cleaner And Protectant, Safe for Cars, Trucks, SUVs, Motorcycles, RVs & More, 16 fl oz</p><p>$10.99 ($0.69 / Fl Oz)</p><a href="https://www.amazon.com/dp/B01C6AISUK?tag=eloabder-20&linkCode=osi&th=1&psc=1">View Product</a></div><div class="product"><a href="https://www.amazon.com/dp/B01N76S0A7?tag=eloabder-20&linkCode=osi&th=1&psc=1"><img src="https://m.media-amazon.com/images/I/51jurhYPCgL._SL500_.jpg" alt="Product Image"></a><p>Chemical Guys HOL131 Premium Chenille Microfiber Car Wash Mop and Heavy Duty Extendable Pole Kit (Great for RVs, Trucks, SUVs, Jeeps & Large Vehicles), With Mr. Pink Foaming Car Wash Soap - 4 fl oz</p><p>$49.99</p><a href="https://www.amazon.com/dp/B01N76S0A7?tag=eloabder-20&linkCode=osi&th=1&psc=1">View Product</a></div><div class="product"><a href="https://www.amazon.com/dp/B009OTW646?tag=eloabder-20&linkCode=osi&th=1&psc=1"><img src="https://m.media-amazon.com/images/I/41lG36UqLBL._SL500_.jpg" alt="Product Image"></a><p>Chemical Guys CWS 110 Honeydew Snow Foam Car Wash Soap (Works with Foam Cannons, Guns or Bucket Washes) Safe for Trucks, Motorcycles, RVs & More, 128 fl oz (1 Gallon), Honeydew Scent</p><p>$39.99 ($0.31 / Fl Oz)</p><a href="https://www.amazon.com/dp/B009OTW646?tag=eloabder-20&linkCode=osi&th=1&psc=1">View Product</a></div><div class="product"><a href="https://www.amazon.com/dp/B08P54Z2C2?tag=eloabder-20&linkCode=osi&th=1&psc=1"><img src="https://m.media-amazon.com/images/I/41Ra65iS2OL._SL500_.jpg" alt="Product Image"></a><p>Chemical Guys WAC23316 HydroSpeed Ceramic Quick Detailer, Safe for Cars, Trucks, SUVs, Motorcycles, RVs & More, 16 fl oz</p><p>$24.99</p><a href="https://www.amazon.com/dp/B08P54Z2C2?tag=eloabder-20&linkCode=osi&th=1&psc=1">View Product</a></div>
<div class="product"><a href="https://www.amazon.com/dp/B0C7WLPQC7?tag=eloabder-20&linkCode=osi&th=1&psc=1"><img src="https://m.media-amazon.com/images/I/41hJeSxsSWL._SL500_.jpg" alt="Product Image"></a><p>Detail King Car Odor Removal - Chlorine Dioxide Cup - Extreme Odor Eliminator For Car - Safe And Easy To Use (3 Oz (Pack of 1) - Plastic)</p><p>$24.95 ($8.32 / Ounce)</p><a href="https://www.amazon.com/dp/B0C7WLPQC7?tag=eloabder-20&linkCode=osi&th=1&psc=1">View Product</a></div>

<div class="product"><a href="https://www.amazon.com/dp/B0052XFWCG?tag=eloabder-20&linkCode=osi&th=1&psc=1"><img src="https://m.media-amazon.com/images/I/41qajeJVXLL._SL500_.jpg" alt="Product Image"></a><p>Hot Shot's Secret HSS64Z Original Stiction Eliminator 64 Fluid Ounce Bottle, Green</p><p>$53.45 ($0.84 / Fl Oz)</p><a href="https://www.amazon.com/dp/B0052XFWCG?tag=eloabder-20&linkCode=osi&th=1&psc=1">View Product</a></div><div class="product"><a href="https://www.amazon.com/dp/B009M64CAW?tag=eloabder-20&linkCode=osi&th=1&psc=1"><img src="https://m.media-amazon.com/images/I/417D8X0nkBL._SL500_.jpg" alt="Product Image"></a><p>Lucas Oil 10679 Hot Rod & Classic Car SAE 10W-30 Motor Oil - 5 Quart</p><p>$38.50 ($0.24 / Fl Oz)</p><a href="https://www.amazon.com/dp/B009M64CAW?tag=eloabder-20&linkCode=osi&th=1&psc=1">View Product</a></div><div class="product"><a href="https://www.amazon.com/dp/B01L9ARY9O?tag=eloabder-20&linkCode=osi&th=1&psc=1"><img src="https://m.media-amazon.com/images/I/51yaZAYH75L._SL500_.jpg" alt="Product Image"></a><p>FPPF Chemical Co 00161 16 OZ HOT 4-in-1 Heating Oil Treatment (2 Bottles)</p><p>$26.42</p><a href="https://www.amazon.com/dp/B01L9ARY9O?tag=eloabder-20&linkCode=osi&th=1&psc=1">View Product</a></div><div class="product"><a href="https://www.amazon.com/dp/B009M64CUM?tag=eloabder-20&linkCode=osi&th=1&psc=1"><img src="https://m.media-amazon.com/images/I/41yiWaF8YQL._SL500_.jpg" alt="Product Image"></a><p>Lucas Oil 10683 Hot Rod & Classic Car SAE 10W-40 Motor Oil - 5 Quart</p><p>$43.24 ($0.27 / Fl Oz)</p><a href="https://www.amazon.com/dp/B009M64CUM?tag=eloabder-20&linkCode=osi&th=1&psc=1">View Product</a></div><div class="product"><a href="https://www.amazon.com/dp/B0973HNRH9?tag=eloabder-20&linkCode=osi&th=1&psc=1"><img src="https://m.media-amazon.com/images/I/41kyGGJa--L._SL500_.jpg" alt="Product Image"></a><p>Hot Shot's Secret FR3 Friction Reducer 64 Fluid Ounce 2 Quarts, Light Yellow Liquid, (HSSFR364Z)</p><p>$59.73 ($0.93 / Fl Oz)</p><a href="https://www.amazon.com/dp/B0973HNRH9?tag=eloabder-20&linkCode=osi&th=1&psc=1">View Product</a></div><div class="product"><a href="https://www.amazon.com/dp/B082YFQQ25?tag=eloabder-20&linkCode=osi&th=1&psc=1"><img src="https://m.media-amazon.com/images/I/511PTX7LlZL._SL500_.jpg" alt="Product Image"></a><p>Hot Shot's Secret Green Diamond 100 Percent Synthetic 15W40 Oil Diesel 1 Gallon</p><p>$39.99 ($0.31 / Fl Oz)</p><a href="https://www.amazon.com/dp/B082YFQQ25?tag=eloabder-20&linkCode=osi&th=1&psc=1">View Product</a></div>















<div class="product"><a href="https://www.amazon.com/dp/B08PTMXCJL?tag=eloabder-20&linkCode=osi&th=1&psc=1"><img src="https://m.media-amazon.com/images/I/410eJv-7UHL._SL500_.jpg" alt="Product Image"></a><p>Moly Grease | 3% Molybdenum Disulfide | Fifth Wheel | 5th | Automotive | Tractor | Axle | Spline | CV Joint | Lithium EP Grease | High Temp | 35 LB Pail Bucket | Black Moly | NLGI 2 | HeavyDuty Moly</p><p>$174.99 ($0.31 / Ounce)</p><a href="https://www.amazon.com/dp/B08PTMXCJL?tag=eloabder-20&linkCode=osi&th=1&psc=1">View Product</a></div><div class="product"><a href="https://www.amazon.com/dp/B08PTHJTK5?tag=eloabder-20&linkCode=osi&th=1&psc=1"><img src="https://m.media-amazon.com/images/I/41VdMjJ38aL._SL500_.jpg" alt="Product Image"></a><p>Wheel Bearing Grease Pail | Lithium Complex | High Temp EP | CV Joint | Axle | Automotive | Tractor | Truck | Ball Joint | Marine Boat | Gear | Heavy Duty | Blue | 35 LB Bucket | NLGI 2 | MultiPurpose</p><p>$167.99 ($0.30 / Ounce)</p><a href="https://www.amazon.com/dp/B08PTHJTK5?tag=eloabder-20&linkCode=osi&th=1&psc=1">View Product</a></div><div class="product"><a href="https://www.amazon.com/dp/B0013J1UA6?tag=eloabder-20&linkCode=osi&th=1&psc=1"><img src="https://m.media-amazon.com/images/I/41G0Fkf7KnL._SL500_.jpg" alt="Product Image"></a><p>CRC Food Grade Chain Lube 03055 – 12 Wt. Oz. Aerosol, NSF H1 Gear, Chain, and Wire Lubricant</p><p>$19.25 ($1.60 / Ounce)</p><a href="https://www.amazon.com/dp/B0013J1UA6?tag=eloabder-20&linkCode=osi&th=1&psc=1">View Product</a></div>





<div class="product"><a href="https://www.amazon.com/dp/B08GQ9G2V5?tag=eloabder-20&linkCode=osi&th=1&psc=1"><img src="https://m.media-amazon.com/images/I/511+rapOlWL._SL500_.jpg" alt="Product Image"></a><p>Armor All Car Air Freshener and Purifier, Car Odor Eliminator, 1.5 Ounce (Pack of 3)</p><p>$21.21 ($4.71 / Ounce)</p><a href="https://www.amazon.com/dp/B08GQ9G2V5?tag=eloabder-20&linkCode=osi&th=1&psc=1">View Product</a></div>







<div class="product"><a href="https://www.amazon.com/dp/B001229JCU?tag=eloabder-20&linkCode=osi&th=1&psc=1"><img src="https://m.media-amazon.com/images/I/31W6FuKPMcL._SL500_.jpg" alt="Product Image"></a><p>First Alert EZ Fire Spray, Extinguishing Aerosol Spray, AF400 Red 18 Ounce (Pack of 1)</p><p>$12.49</p><a href="https://www.amazon.com/dp/B001229JCU?tag=eloabder-20&linkCode=osi&th=1&psc=1">View Product</a></div><div class="product"><a href="https://www.amazon.com/dp/B002U0KGDY?tag=eloabder-20&linkCode=osi&th=1&psc=1"><img src="https://m.media-amazon.com/images/I/51p6R+mcRhL._SL500_.jpg" alt="Product Image"></a><p>First Alert EZ Fire Spray, Extinguishing Aerosol Spray, Pack of 2, AF400-2, RED</p><p>$27.02</p><a href="https://www.amazon.com/dp/B002U0KGDY?tag=eloabder-20&linkCode=osi&th=1&psc=1">View Product</a></div>
<div class="product"><a href="https://www.amazon.com/dp/B0088LVBUQ?tag=eloabder-20&linkCode=osi&th=1&psc=1"><img src="https://m.media-amazon.com/images/I/31h7l-l6u2L._SL500_.jpg" alt="Product Image"></a><p>Seymour EN-59 Hi-Tech Engine Spray Paint, General Motors Red</p><p>$9.08 ($0.76 / Ounce)</p><a href="https://www.amazon.com/dp/B0088LVBUQ?tag=eloabder-20&linkCode=osi&th=1&psc=1">View Product</a></div>




<div class="product"><a href="https://www.amazon.com/dp/B000HBNU9K?tag=eloabder-20&linkCode=osi&th=1&psc=1"><img src="https://m.media-amazon.com/images/I/41URzfKaVsL._SL500_.jpg" alt="Product Image"></a><p>Permatex 27828 Body Shop Heavy Duty Headliner Adhesive, High-Strength Spray Adhesive, Repair Detached Or Loose Interior Parts, Dries Clear, Aerosol Can, 16.75 Oz</p><p>$17.05 ($1.02 / Ounce)</p><a href="https://www.amazon.com/dp/B000HBNU9K?tag=eloabder-20&linkCode=osi&th=1&psc=1">View Product</a></div><div class="product"><a href="https://www.amazon.com/dp/B001VXXEXU?tag=eloabder-20&linkCode=osi&th=1&psc=1"><img src="https://m.media-amazon.com/images/I/5112onMwzaL._SL500_.jpg" alt="Product Image"></a><p>Vibra-TITE 213 Red VC-3 Original Threadmate, 250ml Can</p><p>$99.19</p><a href="https://www.amazon.com/dp/B001VXXEXU?tag=eloabder-20&linkCode=osi&th=1&psc=1">View Product</a></div><div class="product"><a href="https://www.amazon.com/dp/B0CWPSLTR1?tag=eloabder-20&linkCode=osi&th=1&psc=1"><img src="https://m.media-amazon.com/images/I/31ytleZjjaL._SL500_.jpg" alt="Product Image"></a><p>P & S PROFESSIONAL DETAIL PRODUCTS - Terminator Enzyme Spot and Stain Remover - Perfect for Deodorizing, Removing Embedded Soils, Grease, Dirt, and Protein-Based Stains; Fresh Scent (1 Quart)</p><p>$25.95 ($0.81 / Fl Oz)</p><a href="https://www.amazon.com/dp/B0CWPSLTR1?tag=eloabder-20&linkCode=osi&th=1&psc=1">View Product</a></div><div class="product"><a href="https://www.amazon.com/dp/B07GFNQL9H?tag=eloabder-20&linkCode=osi&th=1&psc=1"><img src="https://m.media-amazon.com/images/I/41AA3Nbt8OL._SL500_.jpg" alt="Product Image"></a><p>Gunk FEB1 Foamy Engine Brite Engine Cleaner - 17oz. 2 Pack</p><p>$17.95 ($0.53 / Ounce)</p><a href="https://www.amazon.com/dp/B07GFNQL9H?tag=eloabder-20&linkCode=osi&th=1&psc=1">View Product</a></div>



<div class="product"><a href="https://www.amazon.com/dp/B003SKCARK?tag=eloabder-20&linkCode=osi&th=1&psc=1"><img src="https://m.media-amazon.com/images/I/41rvU5irgRL._SL500_.jpg" alt="Product Image"></a><p>Obenauf's Heavy Duty LP Leather Preservative (4oz)- All Natural Beeswax Oil Conditioner- Rejuvenate Restore & Preserve Sunfaded or Cracked Boots Jackets Saddles Car Auto Upholstery Furniture- USA Made</p><p>$15.99</p><a href="https://www.amazon.com/dp/B003SKCARK?tag=eloabder-20&linkCode=osi&th=1&psc=1">View Product</a></div>
Aucun résultat trouvé.

<div class="product"><a href="https://www.amazon.com/dp/B0CLWDDWHX?tag=eloabder-20&linkCode=osi&th=1&psc=1"><img src="https://m.media-amazon.com/images/I/51HPMtia03L._SL500_.jpg" alt="Product Image"></a><p>Fire Fix Fire Extinguisher for Home 5-Pack | Made in USA | Emergency Fire Spray Foam for Apartment, Boat, Camping, Car, House, Kitchen & Vehicle | Safety & Survival | Compact, Small, Safe & Easy Use</p><p>$56.95</p><a href="https://www.amazon.com/dp/B0CLWDDWHX?tag=eloabder-20&linkCode=osi&th=1&psc=1">View Product</a></div><div class="product"><a href="https://www.amazon.com/dp/B0CKZF9H3D?tag=eloabder-20&linkCode=osi&th=1&psc=1"><img src="https://m.media-amazon.com/images/I/41+Q4YdByuL._SL500_.jpg" alt="Product Image"></a><p>Firexo All Fires Fire Extinguisher - Multipurpose Mini Aerosol - Pack of 6 - Home, Kitchen, Car, Garage, Boat, Caravan, Camping Household, ABC, Vehicle, Compact, RV, Emergency Equipment (0.1 Gal)</p><p>$139.99</p><a href="https://www.amazon.com/dp/B0CKZF9H3D?tag=eloabder-20&linkCode=osi&th=1&psc=1">View Product</a></div>
Aucun résultat trouvé.
Aucun résultat trouvé.






<div class="product"><a href="https://www.amazon.com/dp/B00FOKOKMU?tag=eloabder-20&linkCode=osi&th=1&psc=1"><img src="https://m.media-amazon.com/images/I/41KsUW-6WOL._SL500_.jpg" alt="Product Image"></a><p>The Original Leather Recoloring Balm by Furniture Clinic - 16 Colors - Leather Repair Kit for Furniture - Restore Couches, Car Seats & More - Leather Dye for Scratched and Faded Leather (Beige)</p><p>$29.95</p><a href="https://www.amazon.com/dp/B00FOKOKMU?tag=eloabder-20&linkCode=osi&th=1&psc=1">View Product</a></div>


<div class="product"><a href="https://www.amazon.com/dp/B0BQX6CPLS?tag=eloabder-20&linkCode=osi&th=1&psc=1"><img src="https://m.media-amazon.com/images/I/51OtuHOIJpL._SL500_.jpg" alt="Product Image"></a><p>Dry Stop Fire Spray by Prepared Hero - 8 Pack - Portable Fire Extinguisher for Home, Car, Garage, Kitchen - Works on Electrical, Grease, Battery Fires & More - Compact, Easy to Use</p><p>$143.99</p><a href="https://www.amazon.com/dp/B0BQX6CPLS?tag=eloabder-20&linkCode=osi&th=1&psc=1">View Product</a></div><div class="product"><a href="https://www.amazon.com/dp/B0BQX76B9K?tag=eloabder-20&linkCode=osi&th=1&psc=1"><img src="https://m.media-amazon.com/images/I/51iHCSuHw5L._SL500_.jpg" alt="Product Image"></a><p>Vapor Clean Fire Spray by Prepared Hero - 8 Pack - Portable Fire Extinguisher for Home, Car, Garage, Kitchen - Works on Electrical, Grease, Battery Fires & More - Compact, Easy to Use</p><p>$143.99</p><a href="https://www.amazon.com/dp/B0BQX76B9K?tag=eloabder-20&linkCode=osi&th=1&psc=1">View Product</a></div><div class="product"><a href="https://www.amazon.com/dp/B0C32NVZJZ?tag=eloabder-20&linkCode=osi&th=1&psc=1"><img src="https://m.media-amazon.com/images/I/61coxTM3mSL._SL500_.jpg" alt="Product Image"></a><p>Houandg Water-Based Fire Extinguisher- 2 Pack Portable Solution for All Fire Types in Homes, Vehicles, Kitchens - Prevents Re-Ignition</p><p>$33.98</p><a href="https://www.amazon.com/dp/B0C32NVZJZ?tag=eloabder-20&linkCode=osi&th=1&psc=1">View Product</a></div>
<div class="product"><a href="https://www.amazon.com/dp/B00L3W1OAO?tag=eloabder-20&linkCode=osi&th=1&psc=1"><img src="https://m.media-amazon.com/images/I/414uILMLuaL._SL500_.jpg" alt="Product Image"></a><p>Pro F/X Rubber Mask Grease Wheel - 1 Ounce - Trauma</p><p>$27.01</p><a href="https://www.amazon.com/dp/B00L3W1OAO?tag=eloabder-20&linkCode=osi&th=1&psc=1">View Product</a></div>
<div class="product"><a href="https://www.amazon.com/dp/B0CZ16SHCH?tag=eloabder-20&linkCode=osi&th=1&psc=1"><img src="https://m.media-amazon.com/images/I/31pYxaz4gYL._SL500_.jpg" alt="Product Image"></a><p>P & S PROFESSIONAL DETAIL PRODUCTS - Rehab - Paint Correction Creme Safe for All Paint Types and with Multiple pad Types - Easy-to-use-Formula Works at Any Stage of Paint Correction - 1 Quart</p><p>$56.95</p><a href="https://www.amazon.com/dp/B0CZ16SHCH?tag=eloabder-20&linkCode=osi&th=1&psc=1">View Product</a></div><div class="product"><a href="https://www.amazon.com/dp/B082BG8HLX?tag=eloabder-20&linkCode=osi&th=1&psc=1"><img src="https://m.media-amazon.com/images/I/31OAXbv7QFL._SL500_.jpg" alt="Product Image"></a><p>Lithium Auto Elixirs Color Crush- A rather intense approach to an Instant Detailer, Infused with color enhancing technology - Extremely Hydrophobic ingredients, long lasting Instant Detailer</p><p>$19.95 ($1.25 / Fl Oz)</p><a href="https://www.amazon.com/dp/B082BG8HLX?tag=eloabder-20&linkCode=osi&th=1&psc=1">View Product</a></div><div class="product"><a href="https://www.amazon.com/dp/B07MTPWZ76?tag=eloabder-20&linkCode=osi&th=1&psc=1"><img src="https://m.media-amazon.com/images/I/41v5yubrqoL._SL500_.jpg" alt="Product Image"></a><p>Lithium Seal and Squeal Paint Sealant/Polish - Incredible Shine and Lasting Protection - Curable Amino Functional Polymers Fused with Si02 Ceramic Nano Technology -Lasts for up to 12 Months (16 oz)</p><p>$39.99 ($2.50 / Ounce)</p><a href="https://www.amazon.com/dp/B07MTPWZ76?tag=eloabder-20&linkCode=osi&th=1&psc=1">View Product</a></div><div class="product"><a href="https://www.amazon.com/dp/B07MVNX377?tag=eloabder-20&linkCode=osi&th=1&psc=1"><img src="https://m.media-amazon.com/images/I/31gEqFf7rhL._SL500_.jpg" alt="Product Image"></a><p>Leather Love - The Best Leather Conditioner On The Planet, Brings Old Leather Back To Life, All Natural Ingredients Mixed With Serious Science, Restores, Rehydrates, Protects (8oz)</p><p>$28.99 ($3.62 / Ounce)</p><a href="https://www.amazon.com/dp/B07MVNX377?tag=eloabder-20&linkCode=osi&th=1&psc=1">View Product</a></div><div class="product"><a href="https://www.amazon.com/dp/B07MTQP514?tag=eloabder-20&linkCode=osi&th=1&psc=1"><img src="https://m.media-amazon.com/images/I/311IYwH-oaL._SL500_.jpg" alt="Product Image"></a><p>Trim Serum- Plastic Restorer- Restores Even the Most Damaged Plastic, Rubber and Vinyl, Last For Months, Penetrates Plastic Pores Restoring Color. (16 Oz)</p><p>$36.99</p><a href="https://www.amazon.com/dp/B07MTQP514?tag=eloabder-20&linkCode=osi&th=1&psc=1">View Product</a></div><div class="product"><a href="https://www.amazon.com/dp/B07236X7TS?tag=eloabder-20&linkCode=osi&th=1&psc=1"><img src="https://m.media-amazon.com/images/I/51-mgxYD9kL._SL500_.jpg" alt="Product Image"></a><p>Skidmore's Biker Edition Leather Cream | All Natural Formula Cleans, Conditions, and Protects your Motorcycle | Made in USA</p><p>$44.98</p><a href="https://www.amazon.com/dp/B07236X7TS?tag=eloabder-20&linkCode=osi&th=1&psc=1">View Product</a></div><div class="product"><a href="https://www.amazon.com/dp/B001CS6HH4?tag=eloabder-20&linkCode=osi&th=1&psc=1"><img src="https://m.media-amazon.com/images/I/41wY0SB+DWL._SL500_.jpg" alt="Product Image"></a><p>Fiebing's Yellow Saddle Soap for Leather (3.5 oz Tin) - Leather Cleaner & Conditioner to Soften, Protect & Restore Leathercraft - Leather Soap for Car Seat, Couch, Shoe, Purse, Boot, Bag, & Saddles</p><p>$7.15 ($2.04 / Ounce)</p><a href="https://www.amazon.com/dp/B001CS6HH4?tag=eloabder-20&linkCode=osi&th=1&psc=1">View Product</a></div><div class="product"><a href="https://www.amazon.com/dp/B08RHZ1BKD?tag=eloabder-20&linkCode=osi&th=1&psc=1"><img src="https://m.media-amazon.com/images/I/21WKh31c4tL._SL500_.jpg" alt="Product Image"></a><p>Lithium Ignite After Wash - Conditions and Shines Surfaces as You Dry. Streak-Free Hydrophobic Formula adds Lubrication to Stop Micro Scratching While Surfaces pop with Color.</p><p>$21.99 ($1.37 / Fl Oz)</p><a href="https://www.amazon.com/dp/B08RHZ1BKD?tag=eloabder-20&linkCode=osi&th=1&psc=1">View Product</a></div><div class="product"><a href="https://www.amazon.com/dp/B0003A1T3E?tag=eloabder-20&linkCode=osi&th=1&psc=1"><img src="https://m.media-amazon.com/images/I/41042PKJ1ZL._SL500_.jpg" alt="Product Image"></a><p>URAD One step All-In-One Leather conditioner 140g - NEUTRAL</p><p>$16.13</p><a href="https://www.amazon.com/dp/B0003A1T3E?tag=eloabder-20&linkCode=osi&th=1&psc=1">View Product</a></div>

<div class="product"><a href="https://www.amazon.com/dp/B0B3NFH3QY?tag=eloabder-20&linkCode=osi&th=1&psc=1"><img src="https://m.media-amazon.com/images/I/51sKVZnP-WL._SL500_.jpg" alt="Product Image"></a><p>Little Joe 96427-6PK I Love Hockey New Car Scent Red Car Air Freshener A/C Vent Clip Uses Alcohol-Free Fragrance Oil is Non-Hazardous and Non-Toxic Plastic, Pack of 6</p><p>$21.99 ($3.66 / Count)</p><a href="https://www.amazon.com/dp/B0B3NFH3QY?tag=eloabder-20&linkCode=osi&th=1&psc=1">View Product</a></div><div class="product"><a href="https://www.amazon.com/dp/B072275K82?tag=eloabder-20&linkCode=osi&th=1&psc=1"><img src="https://m.media-amazon.com/images/I/41wDnF6SiAL._SL500_.jpg" alt="Product Image"></a><p>Little Joe 96404-6PK Fruit Scent, Car Air Freshener, Clips to A/C Air Vent, Alcohol-Free Fragrance Oil, Non-Hazardous and Non-Toxic Plastic, Set of 6</p><p>$16.60 ($2.77 / Count)</p><a href="https://www.amazon.com/dp/B072275K82?tag=eloabder-20&linkCode=osi&th=1&psc=1">View Product</a></div><div class="product"><a href="https://www.amazon.com/dp/B0CQPQ2S4W?tag=eloabder-20&linkCode=osi&th=1&psc=1"><img src="https://m.media-amazon.com/images/I/31iRknmvjeL._SL500_.jpg" alt="Product Image"></a><p>Little Pup 96613 Blue Raspberry Slushy Scent Car Air Freshener A/C Vent Clip Uses Alcohol-Free Fragrance Oil is Non Hazardous and Non Toxic, Pack of 1</p><p>$3.94</p><a href="https://www.amazon.com/dp/B0CQPQ2S4W?tag=eloabder-20&linkCode=osi&th=1&psc=1">View Product</a></div><div class="product"><a href="https://www.amazon.com/dp/B0CQPNMTM4?tag=eloabder-20&linkCode=osi&th=1&psc=1"><img src="https://m.media-amazon.com/images/I/41eEovL+zML._SL500_.jpg" alt="Product Image"></a><p>Little Joe 96414-6PK Orange Creamsicle Scent Car Air Freshener A/C Vent Clip Uses Alcohol-Free Fragrance Oil is Non-Hazardous and Non-Toxic Plastic, Pack of 6</p><p>$25.99 ($4.33 / Count)</p><a href="https://www.amazon.com/dp/B0CQPNMTM4?tag=eloabder-20&linkCode=osi&th=1&psc=1">View Product</a></div><div class="product"><a href="https://www.amazon.com/dp/B0CH9KNNZN?tag=eloabder-20&linkCode=osi&th=1&psc=1"><img src="https://m.media-amazon.com/images/I/41jX66PGMTL._SL500_.jpg" alt="Product Image"></a><p>TAKAVU Clay Bars Auto Detailing 2 Pack X 100g, Premium Grade Material, Magic Clay Bar Cleaner for Cars, RV, Boat and Bus (Grey)</p><p>$9.99</p><a href="https://www.amazon.com/dp/B0CH9KNNZN?tag=eloabder-20&linkCode=osi&th=1&psc=1">View Product</a></div>

<div class="product"><a href="https://www.amazon.com/dp/B004UM6DLE?tag=eloabder-20&linkCode=osi&th=1&psc=1"><img src="https://m.media-amazon.com/images/I/314nawyx6sL._SL500_.jpg" alt="Product Image"></a><p>CARPRO IronX Iron Remover: Stops Rust Spots and Pre-Mature Failure of The Clear Coat, Iron Contaminant Removal - 500mL with Sprayer (17oz)</p><p>$26.78</p><a href="https://www.amazon.com/dp/B004UM6DLE?tag=eloabder-20&linkCode=osi&th=1&psc=1">View Product</a></div><div class="product"><a href="https://www.amazon.com/dp/B01HXZXO98?tag=eloabder-20&linkCode=osi&th=1&psc=1"><img src="https://m.media-amazon.com/images/I/41Ne9OfQGzL._SL500_.jpg" alt="Product Image"></a><p>Chemical Guys CWS80316 Clean Slate Deep Surface Cleaning Car Wash Soap (Removes Old Car Waxes, Glazes & Sealants for Superior Surface Prep), 16 fl oz, Citrus Scent</p><p>$11.99 ($0.75 / Fl Oz)</p><a href="https://www.amazon.com/dp/B01HXZXO98?tag=eloabder-20&linkCode=osi&th=1&psc=1">View Product</a></div><div class="product"><a href="https://www.amazon.com/dp/B07C39H9YX?tag=eloabder-20&linkCode=osi&th=1&psc=1"><img src="https://m.media-amazon.com/images/I/31yK3Vb5xWL._SL500_.jpg" alt="Product Image"></a><p>Adam's Polishes Iron Remover (16oz) - Iron Out Fallout Rust Remover Spray for Car Detailing | Remove Iron Particles in Car Paint, Motorcycle, RV & Boat | Use Before Clay Bar, Car Wax or Car Wash</p><p>$16.99</p><a href="https://www.amazon.com/dp/B07C39H9YX?tag=eloabder-20&linkCode=osi&th=1&psc=1">View Product</a></div><div class="product"><a href="https://www.amazon.com/dp/B0BTJ9DJM5?tag=eloabder-20&linkCode=osi&th=1&psc=1"><img src="https://m.media-amazon.com/images/I/41tNMqlDrxL._SL500_.jpg" alt="Product Image"></a><p>Torque Detail Decon Wash Pack - Decontamination Soap 8oz + Wash Mitt - Surface Strip Wash Car Shampoo - Highly Absorbent Microfiber Chenille Car Wash Mitt Safely Cleans Your Vehicles Entire Surface</p><p>$24.95 ($3.12 / Fl Oz)</p><a href="https://www.amazon.com/dp/B0BTJ9DJM5?tag=eloabder-20&linkCode=osi&th=1&psc=1">View Product</a></div><div class="product"><a href="https://www.amazon.com/dp/B013K5V9PQ?tag=eloabder-20&linkCode=osi&th=1&psc=1"><img src="https://m.media-amazon.com/images/I/41V3rm6NlZL._SL500_.jpg" alt="Product Image"></a><p>CARPRO PolyShave Decon Towel - Car Detailing Clay Decontamination Faster than Clay Bar, Clean & Release of Paint Contaminants and Glass - Increase Wax and Sealant Bond - 12" x 12" (1 Pack)</p><p>$39.97</p><a href="https://www.amazon.com/dp/B013K5V9PQ?tag=eloabder-20&linkCode=osi&th=1&psc=1">View Product</a></div><div class="product"><a href="https://www.amazon.com/dp/B0B788NBWG?tag=eloabder-20&linkCode=osi&th=1&psc=1"><img src="https://m.media-amazon.com/images/I/51NDfAOuEmL._SL500_.jpg" alt="Product Image"></a><p>P & S Professional Detail Products - Clay Decontamination Towel - Effective Cleaning & Release of Paint Contaminants; Increase Wax & Sealant Bond; Enhance Gloss & Depth of Color; Fine Grade-12" x 12"</p><p>$34.95</p><a href="https://www.amazon.com/dp/B0B788NBWG?tag=eloabder-20&linkCode=osi&th=1&psc=1">View Product</a></div><div class="product"><a href="https://www.amazon.com/dp/B0B27TFK69?tag=eloabder-20&linkCode=osi&th=1&psc=1"><img src="https://m.media-amazon.com/images/I/41zJPQIcqeL._SL500_.jpg" alt="Product Image"></a><p>The Rag Company - Ultra Clay Decontamination Mitt - Easy to Use; Effective Cleaning & Release of Paint Contaminants; Increase Wax & Sealant Bond; Enhance Gloss &Color Depth; Fine Grade (8.7"x5.7")</p><p>$34.95</p><a href="https://www.amazon.com/dp/B0B27TFK69?tag=eloabder-20&linkCode=osi&th=1&psc=1">View Product</a></div><div class="product"><a href="https://www.amazon.com/dp/B0C6XBN14N?tag=eloabder-20&linkCode=osi&th=1&psc=1"><img src="https://m.media-amazon.com/images/I/31BSavOJ89L._SL500_.jpg" alt="Product Image"></a><p>3D Iron Remover GLW Series | DIY Car Detailing | Hyper Effective Wheel Decontamination | Removes Iron Particles, Dirt, Brake Dust | Rapid Results | Ultimate Iron & Surface Contaminate Eliminator, 16oz</p><p>$17.99</p><a href="https://www.amazon.com/dp/B0C6XBN14N?tag=eloabder-20&linkCode=osi&th=1&psc=1">View Product</a></div>







<div class="product"><a href="https://www.amazon.com/dp/B0D2SPCW3G?tag=eloabder-20&linkCode=osi&th=1&psc=1"><img src="https://m.media-amazon.com/images/I/41JYIg6xqqL._SL500_.jpg" alt="Product Image"></a><p>Crankcase Ventilation Oil Separator with Gasket Compatible for 2008-2014 Volvo Mack D13 D16 MP8 Engine Replace 21122541 20499419</p><p>$155.99</p><a href="https://www.amazon.com/dp/B0D2SPCW3G?tag=eloabder-20&linkCode=osi&th=1&psc=1">View Product</a></div>

<div class="product"><a href="https://www.amazon.com/dp/B0C6M2FHGX?tag=eloabder-20&linkCode=osi&th=1&psc=1"><img src="https://m.media-amazon.com/images/I/21wWRrpHdbL._SL500_.jpg" alt="Product Image"></a><p>eMagTech 9PCS Warning Sign Please No Smoking Vaping Food Drink Stickers 110x50mm Self-Adhesive Vinyl Window Decal for Car Taxis Buses Minibuses</p><p>$9.49</p><a href="https://www.amazon.com/dp/B0C6M2FHGX?tag=eloabder-20&linkCode=osi&th=1&psc=1">View Product</a></div>

Aucun résultat trouvé.

<div class="product"><a href="https://www.amazon.com/dp/B0CVWZZMRY?tag=eloabder-20&linkCode=osi&th=1&psc=1"><img src="https://m.media-amazon.com/images/I/512y-1GwQNL._SL500_.jpg" alt="Product Image"></a><p>Jewkot 4 PCS Car Wiper Strip, 28" Boneless Structure Car Windshield Cleaning Wiper Strip, DIY Length Auxiliary Cleaning Replacement Accessory, Suitable for Most Cars, Vans, Trucks, Buses (Black)</p><p>$5.58</p><a href="https://www.amazon.com/dp/B0CVWZZMRY?tag=eloabder-20&linkCode=osi&th=1&psc=1">View Product</a></div>
<div class="product"><a href="https://www.amazon.com/dp/B07L3VQC6W?tag=eloabder-20&linkCode=osi&th=1&psc=1"><img src="https://m.media-amazon.com/images/I/41GebP+2HYL._SL500_.jpg" alt="Product Image"></a><p>BRISA VW Collection Volkswagen Air Freshener, Room Freshener, Deodorizer for Cars T1 Bus Campervan Motif (Citrus/Yellow/Set of 2)</p><p>$13.90 ($6.95 / Count)</p><a href="https://www.amazon.com/dp/B07L3VQC6W?tag=eloabder-20&linkCode=osi&th=1&psc=1">View Product</a></div><div class="product"><a href="https://www.amazon.com/dp/B07L3V86JS?tag=eloabder-20&linkCode=osi&th=1&psc=1"><img src="https://m.media-amazon.com/images/I/41TblWhKhQL._SL500_.jpg" alt="Product Image"></a><p>BRISA VW Collection Volkswagen Air Freshener, Room Freshener, Deodorizer for Cars T1 Bus Campervan Motif (New Car/Green/Set of 2)</p><p>$13.90 ($6.95 / Count)</p><a href="https://www.amazon.com/dp/B07L3V86JS?tag=eloabder-20&linkCode=osi&th=1&psc=1">View Product</a></div>


Aucun résultat trouvé.










<div class="product"><a href="https://www.amazon.com/dp/B099HL5SV2?tag=eloabder-20&linkCode=osi&th=1&psc=1"><img src="https://m.media-amazon.com/images/I/31kcR8HnylL._SL500_.jpg" alt="Product Image"></a><p>Philips GoPure GP5212 High Performance HEPA Air Purifier for Car, Removes up to 100 Pollutants, Exhaust Fumes, VOCs, Smoke, Bad Odors, Bacteria and Viruses</p><p>$77.59</p><a href="https://www.amazon.com/dp/B099HL5SV2?tag=eloabder-20&linkCode=osi&th=1&psc=1">View Product</a></div><div class="product"><a href="https://www.amazon.com/dp/B07TB419F7?tag=eloabder-20&linkCode=osi&th=1&psc=1"><img src="https://m.media-amazon.com/images/I/41l9XK-u-eL._SL500_.jpg" alt="Product Image"></a><p>Enoch Ionic Car Air Purifier with Dual USB Car Charger. Car Air Freshener Eliminates Odor, Dust. Removes Smoke, Pet and Food Odor. Ionic Ozone Car Deodorizer (Matt Black)</p><p>$24.50</p><a href="https://www.amazon.com/dp/B07TB419F7?tag=eloabder-20&linkCode=osi&th=1&psc=1">View Product</a></div><div class="product"><a href="https://www.amazon.com/dp/B08C9LKKMM?tag=eloabder-20&linkCode=osi&th=1&psc=1"><img src="https://m.media-amazon.com/images/I/41uJDRzxfrL._SL500_.jpg" alt="Product Image"></a><p>4WDKING Car Air Purifier Ionizer, 12V Plug-in Car Air Freshener Gadgets with Dual USB Charger Removes Cigarette Smoke, Pet and Food Odor, Ionic Ozone (Black)</p><p>$22.99</p><a href="https://www.amazon.com/dp/B08C9LKKMM?tag=eloabder-20&linkCode=osi&th=1&psc=1">View Product</a></div><div class="product"><a href="https://www.amazon.com/dp/B07C7D366L?tag=eloabder-20&linkCode=osi&th=1&psc=1"><img src="https://m.media-amazon.com/images/I/51GvjMcOskL._SL500_.jpg" alt="Product Image"></a><p>Car Air Purifier Ionizer - 12V Plug-in Ionic Anti-Microbial Car Deodorizer with Dual USB Charger - Smoke Smell, Pet and Food Odors, Allergens, Viruses Eliminator for Car (Matte Silver)</p><p>$24.99</p><a href="https://www.amazon.com/dp/B07C7D366L?tag=eloabder-20&linkCode=osi&th=1&psc=1">View Product</a></div><div class="product"><a href="https://www.amazon.com/dp/B086H3FW7T?tag=eloabder-20&linkCode=osi&th=1&psc=1"><img src="https://m.media-amazon.com/images/I/51FfQTz4koL._SL500_.jpg" alt="Product Image"></a><p>bmbu 1000g Large Bamboo Charcoal Air Purifier Bag - Car Deodorizer/Car Freshener - Remove Odor and Control Moisture in Your RV, Camper, SUV, Car, Truck, Closet, Mobile Home, Storage - Non Fragrant</p><p>$22.99 ($0.65 / Ounce)</p><a href="https://www.amazon.com/dp/B086H3FW7T?tag=eloabder-20&linkCode=osi&th=1&psc=1">View Product</a></div><div class="product"><a href="https://www.amazon.com/dp/B019NXUJ5K?tag=eloabder-20&linkCode=osi&th=1&psc=1"><img src="https://m.media-amazon.com/images/I/31grLw6pdUL._SL500_.jpg" alt="Product Image"></a><p>PURGGO Car Air Freshener - Lasts 365+ Days No Chemicals 100% Activated Bamboo Charcoal Fragrance-Free Deodorizer, Natural Auto Odor Eliminator, Purifier, Neutralizer, Absorb Smoke Smell</p><p>$25.99</p><a href="https://www.amazon.com/dp/B019NXUJ5K?tag=eloabder-20&linkCode=osi&th=1&psc=1">View Product</a></div><div class="product"><a href="https://www.amazon.com/dp/B0CT5TBKH5?tag=eloabder-20&linkCode=osi&th=1&psc=1"><img src="https://m.media-amazon.com/images/I/41UB7n6FuwL._SL500_.jpg" alt="Product Image"></a><p>Timgle 1 Pack Car Air Freshener, Lasts 365+ Days, No Chemicals 100% Activated Bamboo Charcoal Fragrance, Free Deodorizer, Natural Auto Odor Eliminator, Purifier, Neutralizer (Khaki Strap)</p><p>$10.99</p><a href="https://www.amazon.com/dp/B0CT5TBKH5?tag=eloabder-20&linkCode=osi&th=1&psc=1">View Product</a></div><div class="product"><a href="https://www.amazon.com/dp/B00V4049K2?tag=eloabder-20&linkCode=osi&th=1&psc=1"><img src="https://m.media-amazon.com/images/I/51rLLMGOc6L._SL500_.jpg" alt="Product Image"></a><p>PURGGO Car Air Freshener - Auto Odor Eliminator - 100% Activated Bamboo Charcoal Air Purifier, Ionizer - Absorb and Remove Smoke Smell - Fragrance-Free Deodorizer - Lasts 365+ Days [Classic Beige]</p><p>$25.99</p><a href="https://www.amazon.com/dp/B00V4049K2?tag=eloabder-20&linkCode=osi&th=1&psc=1">View Product</a></div>





<div class="product"><a href="https://www.amazon.com/dp/B0D464228M?tag=eloabder-20&linkCode=osi&th=1&psc=1"><img src="https://m.media-amazon.com/images/I/315VtBe9l-L._SL500_.jpg" alt="Product Image"></a><p>Drift Car Air Freshener - Wood Air Freshener - Car Odor Eliminator - Open Air Scent Starter Kit</p><p>$11.95</p><a href="https://www.amazon.com/dp/B0D464228M?tag=eloabder-20&linkCode=osi&th=1&psc=1">View Product</a></div>
<div class="product"><a href="https://www.amazon.com/dp/B071HR14SJ?tag=eloabder-20&linkCode=osi&th=1&psc=1"><img src="https://m.media-amazon.com/images/I/41crypCefDL._SL500_.jpg" alt="Product Image"></a><p>Meguiar's Gold Class Car Wash Soap, Ultra-Rich Car Wash Soap and Conditioner for Car Cleaning, Car Wash Soap to Clean and Condition in One Easy Step, 1 Gallon Car Wash Soap</p><p>$24.99 ($0.20 / Ounce)</p><a href="https://www.amazon.com/dp/B071HR14SJ?tag=eloabder-20&linkCode=osi&th=1&psc=1">View Product</a></div><div class="product"><a href="https://www.amazon.com/dp/B085R9L9Q9?tag=eloabder-20&linkCode=osi&th=1&psc=1"><img src="https://m.media-amazon.com/images/I/41tAv1FNbZL._SL500_.jpg" alt="Product Image"></a><p>Armor All Extreme Shield Protectant Spray , Interior Car Cleaner with UV Protection Against Cracking and Fading, 16 Fl Oz</p><p>$8.98 ($0.56 / Fl Oz)</p><a href="https://www.amazon.com/dp/B085R9L9Q9?tag=eloabder-20&linkCode=osi&th=1&psc=1">View Product</a></div><div class="product"><a href="https://www.amazon.com/dp/B016NA9Y4S?tag=eloabder-20&linkCode=osi&th=1&psc=1"><img src="https://m.media-amazon.com/images/I/31oz8VJFdjL._SL500_.jpg" alt="Product Image"></a><p>Rain-X 5079281-2 Latitude 2-In-1 Wiper Blades, 26 Inch Windshield Wipers (Pack Of 1), Automotive Replacement Windshield Wiper Blades With Patented Rain-X Water Repellency Formula</p><p>$17.08</p><a href="https://www.amazon.com/dp/B016NA9Y4S?tag=eloabder-20&linkCode=osi&th=1&psc=1">View Product</a></div><div class="product"><a href="https://www.amazon.com/dp/B0D2PCCJVK?tag=eloabder-20&linkCode=osi&th=1&psc=1"><img src="https://m.media-amazon.com/images/I/41BFT-c3a9L._SL500_.jpg" alt="Product Image"></a><p>HoogaLife Car Air Freshener Diffuser – Revitalize Your Drive with Hanging Air Freshener Diffuser Aromatic Bliss On The Go(VANILLA CREAM)</p><p>$12.99 ($24.06 / Fl Oz)</p><a href="https://www.amazon.com/dp/B0D2PCCJVK?tag=eloabder-20&linkCode=osi&th=1&psc=1">View Product</a></div><div class="product"><a href="https://www.amazon.com/dp/B0D17SKCLF?tag=eloabder-20&linkCode=osi&th=1&psc=1"><img src="https://m.media-amazon.com/images/I/51VjaK8JNmL._SL500_.jpg" alt="Product Image"></a><p>AIDEA Car Wash Mitt Microfiber, 1PK-Scratch-Free& Lint-Free, Premium Chenille Microfiber Wash Mitt-Green Regular Size (7.12''X10.14'')</p><p>$5.99</p><a href="https://www.amazon.com/dp/B0D17SKCLF?tag=eloabder-20&linkCode=osi&th=1&psc=1">View Product</a></div>








<div class="product"><a href="https://www.amazon.com/dp/B00UZE8D00?tag=eloabder-20&linkCode=osi&th=1&psc=1"><img src="https://m.media-amazon.com/images/I/517VVkgvgcL._SL500_.jpg" alt="Product Image"></a><p>Chemical Guys HOL_996 Convertible Top Cleaner and Protectant Kit, 16 oz, 2 Items</p><p>$29.99</p><a href="https://www.amazon.com/dp/B00UZE8D00?tag=eloabder-20&linkCode=osi&th=1&psc=1">View Product</a></div><div class="product"><a href="https://www.amazon.com/dp/B004HCS4NW?tag=eloabder-20&linkCode=osi&th=1&psc=1"><img src="https://m.media-amazon.com/images/I/41j5b6xRqNL._SL500_.jpg" alt="Product Image"></a><p>Meguiar's Convertible Top Cleaner - Fabric Convertible Top Cleaner and Vinyl Convertible Top Cleaner in One Advanced Formula - Safely Removes Stains, Mildew, Bird Droppings, and More, 16 Oz</p><p>$6.87 ($0.43 / Ounce)</p><a href="https://www.amazon.com/dp/B004HCS4NW?tag=eloabder-20&linkCode=osi&th=1&psc=1">View Product</a></div><div class="product"><a href="https://www.amazon.com/dp/B00UZE80N0?tag=eloabder-20&linkCode=osi&th=1&psc=1"><img src="https://m.media-amazon.com/images/I/31FG83SK9SL._SL500_.jpg" alt="Product Image"></a><p>Chemical Guys SPI_193_16 Convertible Top Protectant and Repellent, (Helps Prevent Fading & Discoloration on Fabric Sot Tops) 16 fl oz (Packaging May Vary)</p><p>$19.99 ($1.25 / Fl Oz)</p><a href="https://www.amazon.com/dp/B00UZE80N0?tag=eloabder-20&linkCode=osi&th=1&psc=1">View Product</a></div><div class="product"><a href="https://www.amazon.com/dp/B00UZE8C1A?tag=eloabder-20&linkCode=osi&th=1&psc=1"><img src="https://m.media-amazon.com/images/I/31aLnXKZxfL._SL500_.jpg" alt="Product Image"></a><p>Chemical Guys ACC_S94 Convertible Top Horse Hair Cleaning Brush, Safe for Cloth Soft Tops, Upholstery, Leather, Furniture, & More</p><p>$14.99</p><a href="https://www.amazon.com/dp/B00UZE8C1A?tag=eloabder-20&linkCode=osi&th=1&psc=1">View Product</a></div><div class="product"><a href="https://www.amazon.com/dp/B000A8JNF0?tag=eloabder-20&linkCode=osi&th=1&psc=1"><img src="https://m.media-amazon.com/images/I/51PLChiVIrL._SL500_.jpg" alt="Product Image"></a><p>303 Products Convertible Fabric Top Cleaning and Care Kit - Cleans And Protects Fabric Tops - Includes Tonneau Cover And Convertible Top Cleaner 16 fl. oz. + Fabric Guard, (30520)</p><p>$32.79 ($1.02 / Fl Oz)</p><a href="https://www.amazon.com/dp/B000A8JNF0?tag=eloabder-20&linkCode=osi&th=1&psc=1">View Product</a></div>
<div class="product"><a href="https://www.amazon.com/dp/B0BCQ1XMWV?tag=eloabder-20&linkCode=osi&th=1&psc=1"><img src="https://m.media-amazon.com/images/I/41lV6Au-S9L._SL500_.jpg" alt="Product Image"></a><p>EMITHSUN® Windshield Wiper Blades Replacement for Honda Civic Coupe 2 Door 2005-2011,That Meet OEM Quality Front Wipers Blade Set for My Car-28"+24"(Set of 2)</p><p>$19.99</p><a href="https://www.amazon.com/dp/B0BCQ1XMWV?tag=eloabder-20&linkCode=osi&th=1&psc=1">View Product</a></div>
<div class="product"><a href="https://www.amazon.com/dp/B00I8ITVZG?tag=eloabder-20&linkCode=osi&th=1&psc=1"><img src="https://m.media-amazon.com/images/I/41TXd564pcL._SL500_.jpg" alt="Product Image"></a><p>ECOGARD XC36067 Premium Cabin Air Filter Fits Hyundai Genesis 2009-2016, Equus 2011-2016 | Genesis G80 2017-2021, G90 2019-2021, GV80 2021 | Kia K900 2020</p><p>$10.98</p><a href="https://www.amazon.com/dp/B00I8ITVZG?tag=eloabder-20&linkCode=osi&th=1&psc=1">View Product</a></div>

<div class="product"><a href="https://www.amazon.com/dp/B097C3NCP1?tag=eloabder-20&linkCode=osi&th=1&psc=1"><img src="https://m.media-amazon.com/images/I/41GXST2+s6L._SL500_.jpg" alt="Product Image"></a><p>Raidbee 12 inch Rear Wiper Blade Replacement for Toyota Corolla Hatchback 2022-2019, Nissan Versa 2019-2014 Back Windshield Wiper (H306/12-B)</p><p>$6.99</p><a href="https://www.amazon.com/dp/B097C3NCP1?tag=eloabder-20&linkCode=osi&th=1&psc=1">View Product</a></div>



<div class="product"><a href="https://www.amazon.com/dp/B0CQ4MLKHJ?tag=eloabder-20&linkCode=osi&th=1&psc=1"><img src="https://m.media-amazon.com/images/I/519f8covwQL._SL500_.jpg" alt="Product Image"></a><p>Feetiger All-in-1 Fire Extinguisher for Home, Kitchen, Car, Garage, RV, Truck, Boat, Camping, Fire Spray that Tackles Multiple Types of Fire, 2pack</p><p>$39.99</p><a href="https://www.amazon.com/dp/B0CQ4MLKHJ?tag=eloabder-20&linkCode=osi&th=1&psc=1">View Product</a></div>
<div class="product"><a href="https://www.amazon.com/dp/B07TS4JV6H?tag=eloabder-20&linkCode=osi&th=1&psc=1"><img src="https://m.media-amazon.com/images/I/412htpDd6fL._SL500_.jpg" alt="Product Image"></a><p>Police Flag Air Freshener, New Car Scent, 6-Pack</p><p>$9.99 ($1.66 / Count)</p><a href="https://www.amazon.com/dp/B07TS4JV6H?tag=eloabder-20&linkCode=osi&th=1&psc=1">View Product</a></div>


<div class="product"><a href="https://www.amazon.com/dp/B009EU5ZNO?tag=eloabder-20&linkCode=osi&th=1&psc=1"><img src="https://m.media-amazon.com/images/I/515MJLZbnoL._SL500_.jpg" alt="Product Image"></a><p>J-B Weld 50133 Plastic Bonder Structural Adhesive Syringe - Tan - 25 ml</p><p>$6.98 ($8.21 / Fl Oz)</p><a href="https://www.amazon.com/dp/B009EU5ZNO?tag=eloabder-20&linkCode=osi&th=1&psc=1">View Product</a></div>



<div class="product"><a href="https://www.amazon.com/dp/B09P6YZP72?tag=eloabder-20&linkCode=osi&th=1&psc=1"><img src="https://m.media-amazon.com/images/I/416rlvu+ayL._SL500_.jpg" alt="Product Image"></a><p>AUTOBOO 26"+20" Windshield Wipers with 16" Rear Wiper Blade Replacement for Dodge Grand Caravan 2008-2012 2013 2014 2015 2016 2017 2018 2019 -Original Factory Quality (Pack of 3)</p><p>$23.99</p><a href="https://www.amazon.com/dp/B09P6YZP72?tag=eloabder-20&linkCode=osi&th=1&psc=1">View Product</a></div><div class="product"><a href="https://www.amazon.com/dp/B0BLYQBDS8?tag=eloabder-20&linkCode=osi&th=1&psc=1"><img src="https://m.media-amazon.com/images/I/51SbpSR2zBL._SL500_.jpg" alt="Product Image"></a><p>A-Premium Engine Air Filter Compatible with Chrysler Town & Country & Dodge Grand Caravan & Ram C/V & Volkswagen Routan, 2011-2020, Flexible Panel, Replace# 4861737AA</p><p>$12.99</p><a href="https://www.amazon.com/dp/B0BLYQBDS8?tag=eloabder-20&linkCode=osi&th=1&psc=1">View Product</a></div>
<div class="product"><a href="https://www.amazon.com/dp/B001FCB4JS?tag=eloabder-20&linkCode=osi&th=1&psc=1"><img src="https://m.media-amazon.com/images/I/21wq6fxqiVL._SL500_.jpg" alt="Product Image"></a><p>Dicor BT-1834-1 Butyl Seal Tape - 1/8" x 3/4" x 30' Repair Tape for RV, Trailer, Motorhome, Window, and Vent Sealing</p><p>$13.15 ($0.44 / Foot)</p><a href="https://www.amazon.com/dp/B001FCB4JS?tag=eloabder-20&linkCode=osi&th=1&psc=1">View Product</a></div>
<div class="product"><a href="https://www.amazon.com/dp/B000BUQOD6?tag=eloabder-20&linkCode=osi&th=1&psc=1"><img src="https://m.media-amazon.com/images/I/41O0CoP1L3L._SL500_.jpg" alt="Product Image"></a><p>Camco Camper/RV Toilet Paper | Sewer-Safe, Septic-Safe & Biodegradable | Designed for Camper, Trailer & Marine Sanitation Systems | 1-Ply Tissue | 4 Toilet Paper Rolls – 280 Sheets per Roll (40275)</p><p>$5.99 ($2.14 / 100 Sheets)</p><a href="https://www.amazon.com/dp/B000BUQOD6?tag=eloabder-20&linkCode=osi&th=1&psc=1">View Product</a></div><div class="product"><a href="https://www.amazon.com/dp/B007JG1W1E?tag=eloabder-20&linkCode=osi&th=1&psc=1"><img src="https://m.media-amazon.com/images/I/41i-j99E9ML._SL500_.jpg" alt="Product Image"></a><p>Camco TST Camper / RV Grey Water Odor Control - Removes Grease Buildup in Gray Water Tank, Sink & Shower Drains - 4oz Treats 40-Gal Holding Tank - Safe Septic Tank Treatment - Lemon, 64 oz (40256)</p><p>$19.94 ($0.31 / Fl Oz)</p><a href="https://www.amazon.com/dp/B007JG1W1E?tag=eloabder-20&linkCode=osi&th=1&psc=1">View Product</a></div><div class="product"><a href="https://www.amazon.com/dp/B016V2OSD0?tag=eloabder-20&linkCode=osi&th=1&psc=1"><img src="https://m.media-amazon.com/images/I/31Jm99RYVXL._SL500_.jpg" alt="Product Image"></a><p>Camco TST MAX RV Toilet Treatment Drop-INs | Control Unwanted Odors and Break Down Waste and Tissue | Septic Tank Safe | Lavender Scent | 15-pack (41559)</p><p>$11.97 ($0.80 / Count)</p><a href="https://www.amazon.com/dp/B016V2OSD0?tag=eloabder-20&linkCode=osi&th=1&psc=1">View Product</a></div>






<div class="product"><a href="https://www.amazon.com/dp/B006GJYOL0?tag=eloabder-20&linkCode=osi&th=1&psc=1"><img src="https://m.media-amazon.com/images/I/41YPjiCzDfL._SL500_.jpg" alt="Product Image"></a><p>Boat Bling HS-0128 Hot Sauce Hard Water Spot Remover, Gallon Refill, for Boats, RVs, Powersport Vehicles and More, Black,1 Gallon</p><p>$54.95 ($0.43 / Fl Oz)</p><a href="https://www.amazon.com/dp/B006GJYOL0?tag=eloabder-20&linkCode=osi&th=1&psc=1">View Product</a></div><div class="product"><a href="https://www.amazon.com/dp/B0000AXVCB?tag=eloabder-20&linkCode=osi&th=1&psc=1"><img src="https://m.media-amazon.com/images/I/51gtsDb7zDL._SL500_.jpg" alt="Product Image"></a><p>Meguiar's M4364 Marine/RV Boat Wash - 64 Oz Container</p><p>$13.99 ($0.22 / Fl Oz)</p><a href="https://www.amazon.com/dp/B0000AXVCB?tag=eloabder-20&linkCode=osi&th=1&psc=1">View Product</a></div><div class="product"><a href="https://www.amazon.com/dp/B0007TR47G?tag=eloabder-20&linkCode=osi&th=1&psc=1"><img src="https://m.media-amazon.com/images/I/41Q4SzlVojL._SL500_.jpg" alt="Product Image"></a><p>Meguiar's Flagship Premium Marine Wax, Boat Polish and Oxidation Remover - 32 Oz Bottle</p><p>$21.49</p><a href="https://www.amazon.com/dp/B0007TR47G?tag=eloabder-20&linkCode=osi&th=1&psc=1">View Product</a></div><div class="product"><a href="https://www.amazon.com/dp/B006GJYLFY?tag=eloabder-20&linkCode=osi&th=1&psc=1"><img src="https://m.media-amazon.com/images/I/31G78TSjssL._SL500_.jpg" alt="Product Image"></a><p>Boat Bling Condition Sauce Premium Interior Moisturizer w/UV Protection, 32 oz.</p><p>$27.95</p><a href="https://www.amazon.com/dp/B006GJYLFY?tag=eloabder-20&linkCode=osi&th=1&psc=1">View Product</a></div><div class="product"><a href="https://www.amazon.com/dp/B006GJYKWI?tag=eloabder-20&linkCode=osi&th=1&psc=1"><img src="https://m.media-amazon.com/images/I/41AcDanNz-L._SL500_.jpg" alt="Product Image"></a><p>Boat Bling VS-0032 Vinyl Sauce Premium Vinyl and Leather Cleaner, 32 Oz., for Boats, RVs, Powersport Vehicles and More</p><p>$22.95 ($0.72 / Fl Oz)</p><a href="https://www.amazon.com/dp/B006GJYKWI?tag=eloabder-20&linkCode=osi&th=1&psc=1">View Product</a></div>
<div class="product"><a href="https://www.amazon.com/dp/B004OJTEKK?tag=eloabder-20&linkCode=osi&th=1&psc=1"><img src="https://m.media-amazon.com/images/I/41q8kkNiKOL._SL500_.jpg" alt="Product Image"></a><p>Shurhold Yacht Brite YBP-0302 Brite Wash - 1 Gallon</p><p>$23.97 ($0.19 / Fl Oz)</p><a href="https://www.amazon.com/dp/B004OJTEKK?tag=eloabder-20&linkCode=osi&th=1&psc=1">View Product</a></div>




<div class="product"><a href="https://www.amazon.com/dp/B0B2RDZNZB?tag=eloabder-20&linkCode=osi&th=1&psc=1"><img src="https://m.media-amazon.com/images/I/51RVSUoRuGL._SL500_.jpg" alt="Product Image"></a><p>Fancemot Helicopter Car Air Fresheners Rotating Solar Car Fresheners Airplane Car Perfume (Osmanthus & Vanilla)</p><p>$14.08</p><a href="https://www.amazon.com/dp/B0B2RDZNZB?tag=eloabder-20&linkCode=osi&th=1&psc=1">View Product</a></div><div class="product"><a href="https://www.amazon.com/dp/B0994PG1ZD?tag=eloabder-20&linkCode=osi&th=1&psc=1"><img src="https://m.media-amazon.com/images/I/413er0A8cVS._SL500_.jpg" alt="Product Image"></a><p>NICEADA Car Air Freshener, Helicopter Solar Energy Rotating Aromatherapy Aviation Al Alloy Diffuser, Interior Decoration Accessories Diffuser for Car and Home (Silver)</p><p>$23.99</p><a href="https://www.amazon.com/dp/B0994PG1ZD?tag=eloabder-20&linkCode=osi&th=1&psc=1">View Product</a></div><div class="product"><a href="https://www.amazon.com/dp/B09ZTMZKSJ?tag=eloabder-20&linkCode=osi&th=1&psc=1"><img src="https://m.media-amazon.com/images/I/41rz5PydC9L._SL500_.jpg" alt="Product Image"></a><p>Air Freshener, Gigicloud Car Fragrance Diffuser Solar Rotating Automotive Air Fresheners Ornament Helicopter Shape Solid Aromatherapy Decoration for Car and Home (Black)</p><p>$15.49</p><a href="https://www.amazon.com/dp/B09ZTMZKSJ?tag=eloabder-20&linkCode=osi&th=1&psc=1">View Product</a></div><div class="product"><a href="https://www.amazon.com/dp/B0CWNNPCD3?tag=eloabder-20&linkCode=osi&th=1&psc=1"><img src="https://m.media-amazon.com/images/I/51nznnJJhfL._SL500_.jpg" alt="Product Image"></a><p>Car Air Freshener Diffuser, KaiDengZhe 1PCS Helicopter Solar Energy Rotating Aromatherapy Aviation Al Alloy Diffuser, Car Diffuser for Essential Oils, Relieve Stress and Purifie Odors for Car and Home</p><p>$15.99</p><a href="https://www.amazon.com/dp/B0CWNNPCD3?tag=eloabder-20&linkCode=osi&th=1&psc=1">View Product</a></div><div class="product"><a href="https://www.amazon.com/dp/B0B8T47G65?tag=eloabder-20&linkCode=osi&th=1&psc=1"><img src="https://m.media-amazon.com/images/I/41d6cgVheqL._SL500_.jpg" alt="Product Image"></a><p>Joyfunky Car Air Fresheners with Solar Rotating, Creative Car Perfume Decoration, Relieve Stress and Purifie Odors, Use at Car, office and Home, Silver</p><p>$12.99</p><a href="https://www.amazon.com/dp/B0B8T47G65?tag=eloabder-20&linkCode=osi&th=1&psc=1">View Product</a></div><div class="product"><a href="https://www.amazon.com/dp/B0D4ZHJVK8?tag=eloabder-20&linkCode=osi&th=1&psc=1"><img src="https://m.media-amazon.com/images/I/41sEhsjtb4L._SL500_.jpg" alt="Product Image"></a><p>NICEADA Helicopter Solar Car Air Freshener Refill Set, Solar Essential Oil Refill Perfume Oil for Car Air Fresheners(4 Packs)</p><p>$21.99 ($24.99 / Fl Oz)</p><a href="https://www.amazon.com/dp/B0D4ZHJVK8?tag=eloabder-20&linkCode=osi&th=1&psc=1">View Product</a></div><div class="product"><a href="https://www.amazon.com/dp/B0D251XW47?tag=eloabder-20&linkCode=osi&th=1&psc=1"><img src="https://m.media-amazon.com/images/I/41x6lmNq9fL._SL500_.jpg" alt="Product Image"></a><p>Helicopter Car Air Fresheners with Solar Rotating, Creative Car Perfume Decoration, Car Airplane Fragrance Diffuser for Car, Home, Office (Silver)</p><p>$13.09</p><a href="https://www.amazon.com/dp/B0D251XW47?tag=eloabder-20&linkCode=osi&th=1&psc=1">View Product</a></div>

<div class="product"><a href="https://www.amazon.com/dp/B0D4154TQG?tag=eloabder-20&linkCode=osi&th=1&psc=1"><img src="https://m.media-amazon.com/images/I/217Iw-nO3UL._SL500_.jpg" alt="Product Image"></a><p>RV Curtain Glide Tape A115, 1/2 Inch Glides Clear RV Curtain Strip Curtain Slide Tape 72 Inches Long Use with Ceiling or Wall Mount Curtain Track A201 A202 (2 Pack)</p><p>$17.99</p><a href="https://www.amazon.com/dp/B0D4154TQG?tag=eloabder-20&linkCode=osi&th=1&psc=1">View Product</a></div>
<div class="product"><a href="https://www.amazon.com/dp/B08W4PQN8L?tag=eloabder-20&linkCode=osi&th=1&psc=1"><img src="https://m.media-amazon.com/images/I/41udmrd6QTL._SL500_.jpg" alt="Product Image"></a><p>Hot Air Balloon Novelty Air Freshener for Car - Sandalwood Scented Automotive Accessory New Mexico Souvenir Gift (Pack of 4)</p><p>$7.99 ($2.00 / Count)</p><a href="https://www.amazon.com/dp/B08W4PQN8L?tag=eloabder-20&linkCode=osi&th=1&psc=1">View Product</a></div>















<div class="product"><a href="https://www.amazon.com/dp/B0CP87K2VD?tag=eloabder-20&linkCode=osi&th=1&psc=1"><img src="https://m.media-amazon.com/images/I/41dTH4OPkcL._SL500_.jpg" alt="Product Image"></a><p>For harley air cleaner filter Touring street glide road king electra tri trike Dyna Sportster XL 883 1200 Softail air intake (Drift style -Contrast Cut, C-For Touring 08-16, Softail 16-17)</p><p>$125.00</p><a href="https://www.amazon.com/dp/B0CP87K2VD?tag=eloabder-20&linkCode=osi&th=1&psc=1">View Product</a></div><div class="product"><a href="https://www.amazon.com/dp/B08DNLNY3G?tag=eloabder-20&linkCode=osi&th=1&psc=1"><img src="https://m.media-amazon.com/images/I/51baNj3o8CL._SL500_.jpg" alt="Product Image"></a><p>2963308 HD1508 Ultra Classic Air Filter Cleaner for 2008-2014 Harley Davidson Street Glide, Electra Glide, Road King, Road Glide Custom, Ultra Classic and other select models HD-1508</p><p>$21.99</p><a href="https://www.amazon.com/dp/B08DNLNY3G?tag=eloabder-20&linkCode=osi&th=1&psc=1">View Product</a></div><div class="product"><a href="https://www.amazon.com/dp/B0CQ2KKC3N?tag=eloabder-20&linkCode=osi&th=1&psc=1"><img src="https://m.media-amazon.com/images/I/31W2a0gAwIL._SL500_.jpg" alt="Product Image"></a><p>High-Flo Replacement Air Filter Element For Ventilator - Milwaukee-Eight Engine '18-later Softail and '17-later Touring and Trike Models Equipped with 114 Air Cleaner</p><p>$39.99</p><a href="https://www.amazon.com/dp/B0CQ2KKC3N?tag=eloabder-20&linkCode=osi&th=1&psc=1">View Product</a></div><div class="product"><a href="https://www.amazon.com/dp/B0CPJ5BSGM?tag=eloabder-20&linkCode=osi&th=1&psc=1"><img src="https://m.media-amazon.com/images/I/41cUadnGKpL._SL500_.jpg" alt="Product Image"></a><p>For harley air cleaner filter sportster street road glide king for harley davidson motorcycle air intake (Nake style -Black, A-For Sportster XL models)</p><p>$169.00</p><a href="https://www.amazon.com/dp/B0CPJ5BSGM?tag=eloabder-20&linkCode=osi&th=1&psc=1">View Product</a></div><div class="product"><a href="https://www.amazon.com/dp/B0CR17NS1M?tag=eloabder-20&linkCode=osi&th=1&psc=1"><img src="https://m.media-amazon.com/images/I/41n57oM0A-L._SL500_.jpg" alt="Product Image"></a><p>For harley air cleaner filter Sportster Softail Touring street road king glide Dyna for harley davidson air intake filters (Speed 7 style -gray filter, C-For Touring 08-16, Softail 16-17)</p><p>$89.00</p><a href="https://www.amazon.com/dp/B0CR17NS1M?tag=eloabder-20&linkCode=osi&th=1&psc=1">View Product</a></div><div class="product"><a href="https://www.amazon.com/dp/B0CR167HDN?tag=eloabder-20&linkCode=osi&th=1&psc=1"><img src="https://m.media-amazon.com/images/I/41o4byfzbRL._SL500_.jpg" alt="Product Image"></a><p>For harley davidson air cleaner filter sportster Touring street glide road king electra Dyna Softail motorcycle air intake (Chromed- gray filter, C-For Touring 2008-2016)</p><p>$99.00</p><a href="https://www.amazon.com/dp/B0CR167HDN?tag=eloabder-20&linkCode=osi&th=1&psc=1">View Product</a></div>







<div class="product"><a href="https://www.amazon.com/dp/B08WH8CWDM?tag=eloabder-20&linkCode=osi&th=1&psc=1"><img src="https://m.media-amazon.com/images/I/41Jj3ouB+1L._SL500_.jpg" alt="Product Image"></a><p>Glaze 'N Seal Color Enhancer Paver Sealer, 1 Gallon (923)</p><p>$62.99</p><a href="https://www.amazon.com/dp/B08WH8CWDM?tag=eloabder-20&linkCode=osi&th=1&psc=1">View Product</a></div>

<div class="product"><a href="https://www.amazon.com/dp/B0B58G8WRX?tag=eloabder-20&linkCode=osi&th=1&psc=1"><img src="https://m.media-amazon.com/images/I/41hjxJMTGJL._SL500_.jpg" alt="Product Image"></a><p>Solarhome Air Filter 333-D2696 333D2696 Compatible with JCB Backhoe Loader 3CX 4CX Telehandler 531-70</p><p>$34.50</p><a href="https://www.amazon.com/dp/B0B58G8WRX?tag=eloabder-20&linkCode=osi&th=1&psc=1">View Product</a></div>




<div class="product"><a href="https://www.amazon.com/dp/B07G7XG6BV?tag=eloabder-20&linkCode=osi&th=1&psc=1"><img src="https://m.media-amazon.com/images/I/510tZGutn6L._SL500_.jpg" alt="Product Image"></a><p>Holikme 6Pack Cleaning Brush Power Scrubber Cleaning Brush Extended Long Attachment Set All Purpose Scrub Brushes Kit for Grout, Floor, Tub, Shower, Tile, Bathroom,Car Cleaning Brush，Yellow</p><p>$6.95</p><a href="https://www.amazon.com/dp/B07G7XG6BV?tag=eloabder-20&linkCode=osi&th=1&psc=1">View Product</a></div>



<div class="product"><a href="https://www.amazon.com/dp/B000FW2NWQ?tag=eloabder-20&linkCode=osi&th=1&psc=1"><img src="https://m.media-amazon.com/images/I/31VlBDw7uDL._SL500_.jpg" alt="Product Image"></a><p>Performance Tool W233 12-Inch Long Reach Extension Scraper with 3pc Double Edged Plastic Razor Scraper Blades and 3pc Carbon Steel Razor Scraper Blades</p><p>$10.31</p><a href="https://www.amazon.com/dp/B000FW2NWQ?tag=eloabder-20&linkCode=osi&th=1&psc=1">View Product</a></div>
<div class="product"><a href="https://www.amazon.com/dp/B0BV2CQ5SW?tag=eloabder-20&linkCode=osi&th=1&psc=1"><img src="https://m.media-amazon.com/images/I/51VkTDjGg4L._SL500_.jpg" alt="Product Image"></a><p>Filterelated Mixed Bed Deionized Di Resin Filter Fill, Suitable For Spotless Car Wash System Filter Change, Tds Filter, Aquarium Filter, Deionized Car Wash,5 Liters</p><p>$49.99</p><a href="https://www.amazon.com/dp/B0BV2CQ5SW?tag=eloabder-20&linkCode=osi&th=1&psc=1">View Product</a></div><div class="product"><a href="https://www.amazon.com/dp/B01MRVQ9UE?tag=eloabder-20&linkCode=osi&th=1&psc=1"><img src="https://m.media-amazon.com/images/I/51+i6fjU6tL._SL500_.jpg" alt="Product Image"></a><p>Husqvarna XP Pre-Mixed Fuel and Engine Oil Quart (3 Pack),Blue</p><p>$32.99 ($0.34 / Count)</p><a href="https://www.amazon.com/dp/B01MRVQ9UE?tag=eloabder-20&linkCode=osi&th=1&psc=1">View Product</a></div>




<div class="product"><a href="https://www.amazon.com/dp/B01N2G2NEJ?tag=eloabder-20&linkCode=osi&th=1&psc=1"><img src="https://m.media-amazon.com/images/I/41-5g4zEDpL._SL500_.jpg" alt="Product Image"></a><p>Chemical Guys SPI10816 Heavy Duty Water Spot Remover, Safe for Cars, Trucks, Motorcycles, RVs & More, 16 fl oz</p><p>$17.97 ($1.12 / Fl Oz)</p><a href="https://www.amazon.com/dp/B01N2G2NEJ?tag=eloabder-20&linkCode=osi&th=1&psc=1">View Product</a></div>









<div class="product"><a href="https://www.amazon.com/dp/B08YRVH2QV?tag=eloabder-20&linkCode=osi&th=1&psc=1"><img src="https://m.media-amazon.com/images/I/5164O-Jr2QL._SL500_.jpg" alt="Product Image"></a><p>Thetford AquaMAX Summer Cypress Scent RV Holding Tank Treatment, Formaldehyde Free, Waste Digester, Septic Tank Safe, 5 Gallon Bottle (96754)</p><p>$248.18</p><a href="https://www.amazon.com/dp/B08YRVH2QV?tag=eloabder-20&linkCode=osi&th=1&psc=1">View Product</a></div><div class="product"><a href="https://www.amazon.com/dp/B0BPMW7485?tag=eloabder-20&linkCode=osi&th=1&psc=1"><img src="https://m.media-amazon.com/images/I/51WNuQeew7L._SL500_.jpg" alt="Product Image"></a><p>XFasten Butyl Tape Black 1/2” x 30’ x 1/8" Butyl Sealant Tape Headlight Sealant Putty Tape | Black Butyl Caulking Tape | Butyl Tape RV Putty Tape EPDM Automotive Butyl Rubber Window Sealant for RV</p><p>$13.99 ($0.47 / Foot)</p><a href="https://www.amazon.com/dp/B0BPMW7485?tag=eloabder-20&linkCode=osi&th=1&psc=1">View Product</a></div>
<div class="product"><a href="https://www.amazon.com/dp/B006DXWZQU?tag=eloabder-20&linkCode=osi&th=1&psc=1"><img src="https://m.media-amazon.com/images/I/41wtqfFFfQL._SL500_.jpg" alt="Product Image"></a><p>FRAM Ultra Synthetic Automotive Replacement Oil Filter, Designed for Synthetic Oil Changes Lasting up to 20k Miles, XG10575 with SureGrip (Pack of 1)</p><p>$10.79</p><a href="https://www.amazon.com/dp/B006DXWZQU?tag=eloabder-20&linkCode=osi&th=1&psc=1">View Product</a></div><div class="product"><a href="https://www.amazon.com/dp/B01LH7L0XA?tag=eloabder-20&linkCode=osi&th=1&psc=1"><img src="https://m.media-amazon.com/images/I/41yD3QmbyZL._SL500_.jpg" alt="Product Image"></a><p>Shell Rotella T4 Triple Protection Conventional 15W-40 Diesel Engine Oil (1-Gallon, Single Pack)</p><p>$15.98 ($0.12 / Fl Oz)</p><a href="https://www.amazon.com/dp/B01LH7L0XA?tag=eloabder-20&linkCode=osi&th=1&psc=1">View Product</a></div><div class="product"><a href="https://www.amazon.com/dp/B00ICSWGJ0?tag=eloabder-20&linkCode=osi&th=1&psc=1"><img src="https://m.media-amazon.com/images/I/41Ahz5dVc5L._SL500_.jpg" alt="Product Image"></a><p>Castrol Edge 5W-30 Advanced Full Synthetic Motor Oil, 5 Quarts</p><p>$24.72 ($0.15 / Fl Oz)</p><a href="https://www.amazon.com/dp/B00ICSWGJ0?tag=eloabder-20&linkCode=osi&th=1&psc=1">View Product</a></div><div class="product"><a href="https://www.amazon.com/dp/B01N8RPDT8?tag=eloabder-20&linkCode=osi&th=1&psc=1"><img src="https://m.media-amazon.com/images/I/41Qm+9e8sCL._SL500_.jpg" alt="Product Image"></a><p>Motorcraft - Oil - Engine (XO10W305Q3SD)</p><p>$32.27</p><a href="https://www.amazon.com/dp/B01N8RPDT8?tag=eloabder-20&linkCode=osi&th=1&psc=1">View Product</a></div>
<div class="product"><a href="https://www.amazon.com/dp/B07FTRZLM5?tag=eloabder-20&linkCode=osi&th=1&psc=1"><img src="https://m.media-amazon.com/images/I/416uoNYOsXL._SL500_.jpg" alt="Product Image"></a><p>Chemical Guys HOL126 14-Piece Arsenal Builder Car Wash Kit with Foam Gun, Bucket, and (5) 16 oz Car Care Cleaning Chemicals, Gift for Car & Truck Lovers, Dads and DIYers (Works w/Garden Hose)</p><p>$119.99</p><a href="https://www.amazon.com/dp/B07FTRZLM5?tag=eloabder-20&linkCode=osi&th=1&psc=1">View Product</a></div><div class="product"><a href="https://www.amazon.com/dp/B0741RL23Q?tag=eloabder-20&linkCode=osi&th=1&psc=1"><img src="https://m.media-amazon.com/images/I/410wwKZBYVL._SL500_.jpg" alt="Product Image"></a><p>Chemical Guys SPI220 Total Interior Cleaner and Protectant, Safe for Cars, Trucks, SUVs, Jeeps, Motorcycles, RVs & More, 128 fl oz (1 Gallon)</p><p>$54.99 ($0.43 / Fl Oz)</p><a href="https://www.amazon.com/dp/B0741RL23Q?tag=eloabder-20&linkCode=osi&th=1&psc=1">View Product</a></div><div class="product"><a href="https://www.amazon.com/dp/B002J7VX4Y?tag=eloabder-20&linkCode=osi&th=1&psc=1"><img src="https://m.media-amazon.com/images/I/41oijnffQ0L._SL500_.jpg" alt="Product Image"></a><p>Chemical Guys AIR_101_16 New Car Smell Premium Air Freshener and Odor Eliminator, Long-Lasting Scent, Great for Cars, Trucks, SUVs, RVs & More, 16 fl oz</p><p>$10.99 ($0.69 / Fl Oz)</p><a href="https://www.amazon.com/dp/B002J7VX4Y?tag=eloabder-20&linkCode=osi&th=1&psc=1">View Product</a></div><div class="product"><a href="https://www.amazon.com/dp/B077TPG55M?tag=eloabder-20&linkCode=osi&th=1&psc=1"><img src="https://m.media-amazon.com/images/I/51aYksYRthL._SL500_.jpg" alt="Product Image"></a><p>Chemical Guys CWS20264 Tough Mudder Foaming Truck, Off Road, ATV and RV Heavy Duty Wash Soap,(Works with Foam Cannons, Foam Guns or Bucket Washes), 64 fl oz (Half Gallon), Lemon Scent</p><p>$39.99 ($0.62 / Fl Oz)</p><a href="https://www.amazon.com/dp/B077TPG55M?tag=eloabder-20&linkCode=osi&th=1&psc=1">View Product</a></div><div class="product"><a href="https://www.amazon.com/dp/B00BJCAPEE?tag=eloabder-20&linkCode=osi&th=1&psc=1"><img src="https://m.media-amazon.com/images/I/416RIPKVW1L._SL500_.jpg" alt="Product Image"></a><p>Chemical Guys CWS_402 Mr. Pink Foaming Car Wash Soap (Works with Foam Cannons, Foam Guns or Bucket Washes) Safe for Cars, Trucks, Motorcycles, RVs & More, 128 fl oz, Candy Scent</p><p>$39.99 ($0.31 / Fl Oz)</p><a href="https://www.amazon.com/dp/B00BJCAPEE?tag=eloabder-20&linkCode=osi&th=1&psc=1">View Product</a></div><div class="product"><a href="https://www.amazon.com/dp/B01C6AISUK?tag=eloabder-20&linkCode=osi&th=1&psc=1"><img src="https://m.media-amazon.com/images/I/41FrDCDPB6S._SL500_.jpg" alt="Product Image"></a><p>Chemical Guys CLD_700_16 Mat Renew Rubber + Vinyl Floor Mat Cleaner And Protectant, Safe for Cars, Trucks, SUVs, Motorcycles, RVs & More, 16 fl oz</p><p>$10.99 ($0.69 / Fl Oz)</p><a href="https://www.amazon.com/dp/B01C6AISUK?tag=eloabder-20&linkCode=osi&th=1&psc=1">View Product</a></div><div class="product"><a href="https://www.amazon.com/dp/B01N76S0A7?tag=eloabder-20&linkCode=osi&th=1&psc=1"><img src="https://m.media-amazon.com/images/I/51jurhYPCgL._SL500_.jpg" alt="Product Image"></a><p>Chemical Guys HOL131 Premium Chenille Microfiber Car Wash Mop and Heavy Duty Extendable Pole Kit (Great for RVs, Trucks, SUVs, Jeeps & Large Vehicles), With Mr. Pink Foaming Car Wash Soap - 4 fl oz</p><p>$49.99</p><a href="https://www.amazon.com/dp/B01N76S0A7?tag=eloabder-20&linkCode=osi&th=1&psc=1">View Product</a></div><div class="product"><a href="https://www.amazon.com/dp/B009OTW646?tag=eloabder-20&linkCode=osi&th=1&psc=1"><img src="https://m.media-amazon.com/images/I/41lG36UqLBL._SL500_.jpg" alt="Product Image"></a><p>Chemical Guys CWS 110 Honeydew Snow Foam Car Wash Soap (Works with Foam Cannons, Guns or Bucket Washes) Safe for Trucks, Motorcycles, RVs & More, 128 fl oz (1 Gallon), Honeydew Scent</p><p>$39.99 ($0.31 / Fl Oz)</p><a href="https://www.amazon.com/dp/B009OTW646?tag=eloabder-20&linkCode=osi&th=1&psc=1">View Product</a></div><div class="product"><a href="https://www.amazon.com/dp/B08P54Z2C2?tag=eloabder-20&linkCode=osi&th=1&psc=1"><img src="https://m.media-amazon.com/images/I/41Ra65iS2OL._SL500_.jpg" alt="Product Image"></a><p>Chemical Guys WAC23316 HydroSpeed Ceramic Quick Detailer, Safe for Cars, Trucks, SUVs, Motorcycles, RVs & More, 16 fl oz</p><p>$24.99</p><a href="https://www.amazon.com/dp/B08P54Z2C2?tag=eloabder-20&linkCode=osi&th=1&psc=1">View Product</a></div>
<div class="product"><a href="https://www.amazon.com/dp/B0C7WLPQC7?tag=eloabder-20&linkCode=osi&th=1&psc=1"><img src="https://m.media-amazon.com/images/I/41hJeSxsSWL._SL500_.jpg" alt="Product Image"></a><p>Detail King Car Odor Removal - Chlorine Dioxide Cup - Extreme Odor Eliminator For Car - Safe And Easy To Use (3 Oz (Pack of 1) - Plastic)</p><p>$24.95 ($8.32 / Ounce)</p><a href="https://www.amazon.com/dp/B0C7WLPQC7?tag=eloabder-20&linkCode=osi&th=1&psc=1">View Product</a></div>

<div class="product"><a href="https://www.amazon.com/dp/B0052XFWCG?tag=eloabder-20&linkCode=osi&th=1&psc=1"><img src="https://m.media-amazon.com/images/I/41qajeJVXLL._SL500_.jpg" alt="Product Image"></a><p>Hot Shot's Secret HSS64Z Original Stiction Eliminator 64 Fluid Ounce Bottle, Green</p><p>$53.45 ($0.84 / Fl Oz)</p><a href="https://www.amazon.com/dp/B0052XFWCG?tag=eloabder-20&linkCode=osi&th=1&psc=1">View Product</a></div><div class="product"><a href="https://www.amazon.com/dp/B009M64CAW?tag=eloabder-20&linkCode=osi&th=1&psc=1"><img src="https://m.media-amazon.com/images/I/417D8X0nkBL._SL500_.jpg" alt="Product Image"></a><p>Lucas Oil 10679 Hot Rod & Classic Car SAE 10W-30 Motor Oil - 5 Quart</p><p>$38.50 ($0.24 / Fl Oz)</p><a href="https://www.amazon.com/dp/B009M64CAW?tag=eloabder-20&linkCode=osi&th=1&psc=1">View Product</a></div><div class="product"><a href="https://www.amazon.com/dp/B01L9ARY9O?tag=eloabder-20&linkCode=osi&th=1&psc=1"><img src="https://m.media-amazon.com/images/I/51yaZAYH75L._SL500_.jpg" alt="Product Image"></a><p>FPPF Chemical Co 00161 16 OZ HOT 4-in-1 Heating Oil Treatment (2 Bottles)</p><p>$26.42</p><a href="https://www.amazon.com/dp/B01L9ARY9O?tag=eloabder-20&linkCode=osi&th=1&psc=1">View Product</a></div><div class="product"><a href="https://www.amazon.com/dp/B009M64CUM?tag=eloabder-20&linkCode=osi&th=1&psc=1"><img src="https://m.media-amazon.com/images/I/41yiWaF8YQL._SL500_.jpg" alt="Product Image"></a><p>Lucas Oil 10683 Hot Rod & Classic Car SAE 10W-40 Motor Oil - 5 Quart</p><p>$43.24 ($0.27 / Fl Oz)</p><a href="https://www.amazon.com/dp/B009M64CUM?tag=eloabder-20&linkCode=osi&th=1&psc=1">View Product</a></div><div class="product"><a href="https://www.amazon.com/dp/B0973HNRH9?tag=eloabder-20&linkCode=osi&th=1&psc=1"><img src="https://m.media-amazon.com/images/I/41kyGGJa--L._SL500_.jpg" alt="Product Image"></a><p>Hot Shot's Secret FR3 Friction Reducer 64 Fluid Ounce 2 Quarts, Light Yellow Liquid, (HSSFR364Z)</p><p>$59.73 ($0.93 / Fl Oz)</p><a href="https://www.amazon.com/dp/B0973HNRH9?tag=eloabder-20&linkCode=osi&th=1&psc=1">View Product</a></div><div class="product"><a href="https://www.amazon.com/dp/B082YFQQ25?tag=eloabder-20&linkCode=osi&th=1&psc=1"><img src="https://m.media-amazon.com/images/I/511PTX7LlZL._SL500_.jpg" alt="Product Image"></a><p>Hot Shot's Secret Green Diamond 100 Percent Synthetic 15W40 Oil Diesel 1 Gallon</p><p>$39.99 ($0.31 / Fl Oz)</p><a href="https://www.amazon.com/dp/B082YFQQ25?tag=eloabder-20&linkCode=osi&th=1&psc=1">View Product</a></div>















<div class="product"><a href="https://www.amazon.com/dp/B08PTMXCJL?tag=eloabder-20&linkCode=osi&th=1&psc=1"><img src="https://m.media-amazon.com/images/I/410eJv-7UHL._SL500_.jpg" alt="Product Image"></a><p>Moly Grease | 3% Molybdenum Disulfide | Fifth Wheel | 5th | Automotive | Tractor | Axle | Spline | CV Joint | Lithium EP Grease | High Temp | 35 LB Pail Bucket | Black Moly | NLGI 2 | HeavyDuty Moly</p><p>$174.99 ($0.31 / Ounce)</p><a href="https://www.amazon.com/dp/B08PTMXCJL?tag=eloabder-20&linkCode=osi&th=1&psc=1">View Product</a></div><div class="product"><a href="https://www.amazon.com/dp/B08PTHJTK5?tag=eloabder-20&linkCode=osi&th=1&psc=1"><img src="https://m.media-amazon.com/images/I/41VdMjJ38aL._SL500_.jpg" alt="Product Image"></a><p>Wheel Bearing Grease Pail | Lithium Complex | High Temp EP | CV Joint | Axle | Automotive | Tractor | Truck | Ball Joint | Marine Boat | Gear | Heavy Duty | Blue | 35 LB Bucket | NLGI 2 | MultiPurpose</p><p>$167.99 ($0.30 / Ounce)</p><a href="https://www.amazon.com/dp/B08PTHJTK5?tag=eloabder-20&linkCode=osi&th=1&psc=1">View Product</a></div><div class="product"><a href="https://www.amazon.com/dp/B0013J1UA6?tag=eloabder-20&linkCode=osi&th=1&psc=1"><img src="https://m.media-amazon.com/images/I/41G0Fkf7KnL._SL500_.jpg" alt="Product Image"></a><p>CRC Food Grade Chain Lube 03055 – 12 Wt. Oz. Aerosol, NSF H1 Gear, Chain, and Wire Lubricant</p><p>$19.25 ($1.60 / Ounce)</p><a href="https://www.amazon.com/dp/B0013J1UA6?tag=eloabder-20&linkCode=osi&th=1&psc=1">View Product</a></div>





<div class="product"><a href="https://www.amazon.com/dp/B08GQ9G2V5?tag=eloabder-20&linkCode=osi&th=1&psc=1"><img src="https://m.media-amazon.com/images/I/511+rapOlWL._SL500_.jpg" alt="Product Image"></a><p>Armor All Car Air Freshener and Purifier, Car Odor Eliminator, 1.5 Ounce (Pack of 3)</p><p>$21.21 ($4.71 / Ounce)</p><a href="https://www.amazon.com/dp/B08GQ9G2V5?tag=eloabder-20&linkCode=osi&th=1&psc=1">View Product</a></div>







<div class="product"><a href="https://www.amazon.com/dp/B001229JCU?tag=eloabder-20&linkCode=osi&th=1&psc=1"><img src="https://m.media-amazon.com/images/I/31W6FuKPMcL._SL500_.jpg" alt="Product Image"></a><p>First Alert EZ Fire Spray, Extinguishing Aerosol Spray, AF400 Red 18 Ounce (Pack of 1)</p><p>$12.49</p><a href="https://www.amazon.com/dp/B001229JCU?tag=eloabder-20&linkCode=osi&th=1&psc=1">View Product</a></div><div class="product"><a href="https://www.amazon.com/dp/B002U0KGDY?tag=eloabder-20&linkCode=osi&th=1&psc=1"><img src="https://m.media-amazon.com/images/I/51p6R+mcRhL._SL500_.jpg" alt="Product Image"></a><p>First Alert EZ Fire Spray, Extinguishing Aerosol Spray, Pack of 2, AF400-2, RED</p><p>$27.02</p><a href="https://www.amazon.com/dp/B002U0KGDY?tag=eloabder-20&linkCode=osi&th=1&psc=1">View Product</a></div>
<div class="product"><a href="https://www.amazon.com/dp/B0088LVBUQ?tag=eloabder-20&linkCode=osi&th=1&psc=1"><img src="https://m.media-amazon.com/images/I/31h7l-l6u2L._SL500_.jpg" alt="Product Image"></a><p>Seymour EN-59 Hi-Tech Engine Spray Paint, General Motors Red</p><p>$9.08 ($0.76 / Ounce)</p><a href="https://www.amazon.com/dp/B0088LVBUQ?tag=eloabder-20&linkCode=osi&th=1&psc=1">View Product</a></div>




<div class="product"><a href="https://www.amazon.com/dp/B000HBNU9K?tag=eloabder-20&linkCode=osi&th=1&psc=1"><img src="https://m.media-amazon.com/images/I/41URzfKaVsL._SL500_.jpg" alt="Product Image"></a><p>Permatex 27828 Body Shop Heavy Duty Headliner Adhesive, High-Strength Spray Adhesive, Repair Detached Or Loose Interior Parts, Dries Clear, Aerosol Can, 16.75 Oz</p><p>$17.05 ($1.02 / Ounce)</p><a href="https://www.amazon.com/dp/B000HBNU9K?tag=eloabder-20&linkCode=osi&th=1&psc=1">View Product</a></div><div class="product"><a href="https://www.amazon.com/dp/B001VXXEXU?tag=eloabder-20&linkCode=osi&th=1&psc=1"><img src="https://m.media-amazon.com/images/I/5112onMwzaL._SL500_.jpg" alt="Product Image"></a><p>Vibra-TITE 213 Red VC-3 Original Threadmate, 250ml Can</p><p>$99.19</p><a href="https://www.amazon.com/dp/B001VXXEXU?tag=eloabder-20&linkCode=osi&th=1&psc=1">View Product</a></div><div class="product"><a href="https://www.amazon.com/dp/B0CWPSLTR1?tag=eloabder-20&linkCode=osi&th=1&psc=1"><img src="https://m.media-amazon.com/images/I/31ytleZjjaL._SL500_.jpg" alt="Product Image"></a><p>P & S PROFESSIONAL DETAIL PRODUCTS - Terminator Enzyme Spot and Stain Remover - Perfect for Deodorizing, Removing Embedded Soils, Grease, Dirt, and Protein-Based Stains; Fresh Scent (1 Quart)</p><p>$25.95 ($0.81 / Fl Oz)</p><a href="https://www.amazon.com/dp/B0CWPSLTR1?tag=eloabder-20&linkCode=osi&th=1&psc=1">View Product</a></div><div class="product"><a href="https://www.amazon.com/dp/B07GFNQL9H?tag=eloabder-20&linkCode=osi&th=1&psc=1"><img src="https://m.media-amazon.com/images/I/41AA3Nbt8OL._SL500_.jpg" alt="Product Image"></a><p>Gunk FEB1 Foamy Engine Brite Engine Cleaner - 17oz. 2 Pack</p><p>$17.95 ($0.53 / Ounce)</p><a href="https://www.amazon.com/dp/B07GFNQL9H?tag=eloabder-20&linkCode=osi&th=1&psc=1">View Product</a></div>



<div class="product"><a href="https://www.amazon.com/dp/B003SKCARK?tag=eloabder-20&linkCode=osi&th=1&psc=1"><img src="https://m.media-amazon.com/images/I/41rvU5irgRL._SL500_.jpg" alt="Product Image"></a><p>Obenauf's Heavy Duty LP Leather Preservative (4oz)- All Natural Beeswax Oil Conditioner- Rejuvenate Restore & Preserve Sunfaded or Cracked Boots Jackets Saddles Car Auto Upholstery Furniture- USA Made</p><p>$15.99</p><a href="https://www.amazon.com/dp/B003SKCARK?tag=eloabder-20&linkCode=osi&th=1&psc=1">View Product</a></div>
Aucun résultat trouvé.

<div class="product"><a href="https://www.amazon.com/dp/B0CLWDDWHX?tag=eloabder-20&linkCode=osi&th=1&psc=1"><img src="https://m.media-amazon.com/images/I/51HPMtia03L._SL500_.jpg" alt="Product Image"></a><p>Fire Fix Fire Extinguisher for Home 5-Pack | Made in USA | Emergency Fire Spray Foam for Apartment, Boat, Camping, Car, House, Kitchen & Vehicle | Safety & Survival | Compact, Small, Safe & Easy Use</p><p>$56.95</p><a href="https://www.amazon.com/dp/B0CLWDDWHX?tag=eloabder-20&linkCode=osi&th=1&psc=1">View Product</a></div><div class="product"><a href="https://www.amazon.com/dp/B0CKZF9H3D?tag=eloabder-20&linkCode=osi&th=1&psc=1"><img src="https://m.media-amazon.com/images/I/41+Q4YdByuL._SL500_.jpg" alt="Product Image"></a><p>Firexo All Fires Fire Extinguisher - Multipurpose Mini Aerosol - Pack of 6 - Home, Kitchen, Car, Garage, Boat, Caravan, Camping Household, ABC, Vehicle, Compact, RV, Emergency Equipment (0.1 Gal)</p><p>$139.99</p><a href="https://www.amazon.com/dp/B0CKZF9H3D?tag=eloabder-20&linkCode=osi&th=1&psc=1">View Product</a></div>
Aucun résultat trouvé.
Aucun résultat trouvé.






<div class="product"><a href="https://www.amazon.com/dp/B00FOKOKMU?tag=eloabder-20&linkCode=osi&th=1&psc=1"><img src="https://m.media-amazon.com/images/I/41KsUW-6WOL._SL500_.jpg" alt="Product Image"></a><p>The Original Leather Recoloring Balm by Furniture Clinic - 16 Colors - Leather Repair Kit for Furniture - Restore Couches, Car Seats & More - Leather Dye for Scratched and Faded Leather (Beige)</p><p>$29.95</p><a href="https://www.amazon.com/dp/B00FOKOKMU?tag=eloabder-20&linkCode=osi&th=1&psc=1">View Product</a></div>


<div class="product"><a href="https://www.amazon.com/dp/B0BQX6CPLS?tag=eloabder-20&linkCode=osi&th=1&psc=1"><img src="https://m.media-amazon.com/images/I/51OtuHOIJpL._SL500_.jpg" alt="Product Image"></a><p>Dry Stop Fire Spray by Prepared Hero - 8 Pack - Portable Fire Extinguisher for Home, Car, Garage, Kitchen - Works on Electrical, Grease, Battery Fires & More - Compact, Easy to Use</p><p>$143.99</p><a href="https://www.amazon.com/dp/B0BQX6CPLS?tag=eloabder-20&linkCode=osi&th=1&psc=1">View Product</a></div><div class="product"><a href="https://www.amazon.com/dp/B0BQX76B9K?tag=eloabder-20&linkCode=osi&th=1&psc=1"><img src="https://m.media-amazon.com/images/I/51iHCSuHw5L._SL500_.jpg" alt="Product Image"></a><p>Vapor Clean Fire Spray by Prepared Hero - 8 Pack - Portable Fire Extinguisher for Home, Car, Garage, Kitchen - Works on Electrical, Grease, Battery Fires & More - Compact, Easy to Use</p><p>$143.99</p><a href="https://www.amazon.com/dp/B0BQX76B9K?tag=eloabder-20&linkCode=osi&th=1&psc=1">View Product</a></div><div class="product"><a href="https://www.amazon.com/dp/B0C32NVZJZ?tag=eloabder-20&linkCode=osi&th=1&psc=1"><img src="https://m.media-amazon.com/images/I/61coxTM3mSL._SL500_.jpg" alt="Product Image"></a><p>Houandg Water-Based Fire Extinguisher- 2 Pack Portable Solution for All Fire Types in Homes, Vehicles, Kitchens - Prevents Re-Ignition</p><p>$33.98</p><a href="https://www.amazon.com/dp/B0C32NVZJZ?tag=eloabder-20&linkCode=osi&th=1&psc=1">View Product</a></div>
<div class="product"><a href="https://www.amazon.com/dp/B00L3W1OAO?tag=eloabder-20&linkCode=osi&th=1&psc=1"><img src="https://m.media-amazon.com/images/I/414uILMLuaL._SL500_.jpg" alt="Product Image"></a><p>Pro F/X Rubber Mask Grease Wheel - 1 Ounce - Trauma</p><p>$27.01</p><a href="https://www.amazon.com/dp/B00L3W1OAO?tag=eloabder-20&linkCode=osi&th=1&psc=1">View Product</a></div>
<div class="product"><a href="https://www.amazon.com/dp/B0CZ16SHCH?tag=eloabder-20&linkCode=osi&th=1&psc=1"><img src="https://m.media-amazon.com/images/I/31pYxaz4gYL._SL500_.jpg" alt="Product Image"></a><p>P & S PROFESSIONAL DETAIL PRODUCTS - Rehab - Paint Correction Creme Safe for All Paint Types and with Multiple pad Types - Easy-to-use-Formula Works at Any Stage of Paint Correction - 1 Quart</p><p>$56.95</p><a href="https://www.amazon.com/dp/B0CZ16SHCH?tag=eloabder-20&linkCode=osi&th=1&psc=1">View Product</a></div><div class="product"><a href="https://www.amazon.com/dp/B082BG8HLX?tag=eloabder-20&linkCode=osi&th=1&psc=1"><img src="https://m.media-amazon.com/images/I/31OAXbv7QFL._SL500_.jpg" alt="Product Image"></a><p>Lithium Auto Elixirs Color Crush- A rather intense approach to an Instant Detailer, Infused with color enhancing technology - Extremely Hydrophobic ingredients, long lasting Instant Detailer</p><p>$19.95 ($1.25 / Fl Oz)</p><a href="https://www.amazon.com/dp/B082BG8HLX?tag=eloabder-20&linkCode=osi&th=1&psc=1">View Product</a></div><div class="product"><a href="https://www.amazon.com/dp/B07MTPWZ76?tag=eloabder-20&linkCode=osi&th=1&psc=1"><img src="https://m.media-amazon.com/images/I/41v5yubrqoL._SL500_.jpg" alt="Product Image"></a><p>Lithium Seal and Squeal Paint Sealant/Polish - Incredible Shine and Lasting Protection - Curable Amino Functional Polymers Fused with Si02 Ceramic Nano Technology -Lasts for up to 12 Months (16 oz)</p><p>$39.99 ($2.50 / Ounce)</p><a href="https://www.amazon.com/dp/B07MTPWZ76?tag=eloabder-20&linkCode=osi&th=1&psc=1">View Product</a></div><div class="product"><a href="https://www.amazon.com/dp/B07MVNX377?tag=eloabder-20&linkCode=osi&th=1&psc=1"><img src="https://m.media-amazon.com/images/I/31gEqFf7rhL._SL500_.jpg" alt="Product Image"></a><p>Leather Love - The Best Leather Conditioner On The Planet, Brings Old Leather Back To Life, All Natural Ingredients Mixed With Serious Science, Restores, Rehydrates, Protects (8oz)</p><p>$28.99 ($3.62 / Ounce)</p><a href="https://www.amazon.com/dp/B07MVNX377?tag=eloabder-20&linkCode=osi&th=1&psc=1">View Product</a></div><div class="product"><a href="https://www.amazon.com/dp/B07MTQP514?tag=eloabder-20&linkCode=osi&th=1&psc=1"><img src="https://m.media-amazon.com/images/I/311IYwH-oaL._SL500_.jpg" alt="Product Image"></a><p>Trim Serum- Plastic Restorer- Restores Even the Most Damaged Plastic, Rubber and Vinyl, Last For Months, Penetrates Plastic Pores Restoring Color. (16 Oz)</p><p>$36.99</p><a href="https://www.amazon.com/dp/B07MTQP514?tag=eloabder-20&linkCode=osi&th=1&psc=1">View Product</a></div><div class="product"><a href="https://www.amazon.com/dp/B07236X7TS?tag=eloabder-20&linkCode=osi&th=1&psc=1"><img src="https://m.media-amazon.com/images/I/51-mgxYD9kL._SL500_.jpg" alt="Product Image"></a><p>Skidmore's Biker Edition Leather Cream | All Natural Formula Cleans, Conditions, and Protects your Motorcycle | Made in USA</p><p>$44.98</p><a href="https://www.amazon.com/dp/B07236X7TS?tag=eloabder-20&linkCode=osi&th=1&psc=1">View Product</a></div><div class="product"><a href="https://www.amazon.com/dp/B001CS6HH4?tag=eloabder-20&linkCode=osi&th=1&psc=1"><img src="https://m.media-amazon.com/images/I/41wY0SB+DWL._SL500_.jpg" alt="Product Image"></a><p>Fiebing's Yellow Saddle Soap for Leather (3.5 oz Tin) - Leather Cleaner & Conditioner to Soften, Protect & Restore Leathercraft - Leather Soap for Car Seat, Couch, Shoe, Purse, Boot, Bag, & Saddles</p><p>$7.15 ($2.04 / Ounce)</p><a href="https://www.amazon.com/dp/B001CS6HH4?tag=eloabder-20&linkCode=osi&th=1&psc=1">View Product</a></div><div class="product"><a href="https://www.amazon.com/dp/B08RHZ1BKD?tag=eloabder-20&linkCode=osi&th=1&psc=1"><img src="https://m.media-amazon.com/images/I/21WKh31c4tL._SL500_.jpg" alt="Product Image"></a><p>Lithium Ignite After Wash - Conditions and Shines Surfaces as You Dry. Streak-Free Hydrophobic Formula adds Lubrication to Stop Micro Scratching While Surfaces pop with Color.</p><p>$21.99 ($1.37 / Fl Oz)</p><a href="https://www.amazon.com/dp/B08RHZ1BKD?tag=eloabder-20&linkCode=osi&th=1&psc=1">View Product</a></div><div class="product"><a href="https://www.amazon.com/dp/B0003A1T3E?tag=eloabder-20&linkCode=osi&th=1&psc=1"><img src="https://m.media-amazon.com/images/I/41042PKJ1ZL._SL500_.jpg" alt="Product Image"></a><p>URAD One step All-In-One Leather conditioner 140g - NEUTRAL</p><p>$16.13</p><a href="https://www.amazon.com/dp/B0003A1T3E?tag=eloabder-20&linkCode=osi&th=1&psc=1">View Product</a></div>

<div class="product"><a href="https://www.amazon.com/dp/B0B3NFH3QY?tag=eloabder-20&linkCode=osi&th=1&psc=1"><img src="https://m.media-amazon.com/images/I/51sKVZnP-WL._SL500_.jpg" alt="Product Image"></a><p>Little Joe 96427-6PK I Love Hockey New Car Scent Red Car Air Freshener A/C Vent Clip Uses Alcohol-Free Fragrance Oil is Non-Hazardous and Non-Toxic Plastic, Pack of 6</p><p>$21.99 ($3.66 / Count)</p><a href="https://www.amazon.com/dp/B0B3NFH3QY?tag=eloabder-20&linkCode=osi&th=1&psc=1">View Product</a></div><div class="product"><a href="https://www.amazon.com/dp/B072275K82?tag=eloabder-20&linkCode=osi&th=1&psc=1"><img src="https://m.media-amazon.com/images/I/41wDnF6SiAL._SL500_.jpg" alt="Product Image"></a><p>Little Joe 96404-6PK Fruit Scent, Car Air Freshener, Clips to A/C Air Vent, Alcohol-Free Fragrance Oil, Non-Hazardous and Non-Toxic Plastic, Set of 6</p><p>$16.60 ($2.77 / Count)</p><a href="https://www.amazon.com/dp/B072275K82?tag=eloabder-20&linkCode=osi&th=1&psc=1">View Product</a></div><div class="product"><a href="https://www.amazon.com/dp/B0CQPQ2S4W?tag=eloabder-20&linkCode=osi&th=1&psc=1"><img src="https://m.media-amazon.com/images/I/31iRknmvjeL._SL500_.jpg" alt="Product Image"></a><p>Little Pup 96613 Blue Raspberry Slushy Scent Car Air Freshener A/C Vent Clip Uses Alcohol-Free Fragrance Oil is Non Hazardous and Non Toxic, Pack of 1</p><p>$3.94</p><a href="https://www.amazon.com/dp/B0CQPQ2S4W?tag=eloabder-20&linkCode=osi&th=1&psc=1">View Product</a></div><div class="product"><a href="https://www.amazon.com/dp/B0CQPNMTM4?tag=eloabder-20&linkCode=osi&th=1&psc=1"><img src="https://m.media-amazon.com/images/I/41eEovL+zML._SL500_.jpg" alt="Product Image"></a><p>Little Joe 96414-6PK Orange Creamsicle Scent Car Air Freshener A/C Vent Clip Uses Alcohol-Free Fragrance Oil is Non-Hazardous and Non-Toxic Plastic, Pack of 6</p><p>$25.99 ($4.33 / Count)</p><a href="https://www.amazon.com/dp/B0CQPNMTM4?tag=eloabder-20&linkCode=osi&th=1&psc=1">View Product</a></div><div class="product"><a href="https://www.amazon.com/dp/B0CH9KNNZN?tag=eloabder-20&linkCode=osi&th=1&psc=1"><img src="https://m.media-amazon.com/images/I/41jX66PGMTL._SL500_.jpg" alt="Product Image"></a><p>TAKAVU Clay Bars Auto Detailing 2 Pack X 100g, Premium Grade Material, Magic Clay Bar Cleaner for Cars, RV, Boat and Bus (Grey)</p><p>$9.99</p><a href="https://www.amazon.com/dp/B0CH9KNNZN?tag=eloabder-20&linkCode=osi&th=1&psc=1">View Product</a></div>

<div class="product"><a href="https://www.amazon.com/dp/B004UM6DLE?tag=eloabder-20&linkCode=osi&th=1&psc=1"><img src="https://m.media-amazon.com/images/I/314nawyx6sL._SL500_.jpg" alt="Product Image"></a><p>CARPRO IronX Iron Remover: Stops Rust Spots and Pre-Mature Failure of The Clear Coat, Iron Contaminant Removal - 500mL with Sprayer (17oz)</p><p>$26.78</p><a href="https://www.amazon.com/dp/B004UM6DLE?tag=eloabder-20&linkCode=osi&th=1&psc=1">View Product</a></div><div class="product"><a href="https://www.amazon.com/dp/B01HXZXO98?tag=eloabder-20&linkCode=osi&th=1&psc=1"><img src="https://m.media-amazon.com/images/I/41Ne9OfQGzL._SL500_.jpg" alt="Product Image"></a><p>Chemical Guys CWS80316 Clean Slate Deep Surface Cleaning Car Wash Soap (Removes Old Car Waxes, Glazes & Sealants for Superior Surface Prep), 16 fl oz, Citrus Scent</p><p>$11.99 ($0.75 / Fl Oz)</p><a href="https://www.amazon.com/dp/B01HXZXO98?tag=eloabder-20&linkCode=osi&th=1&psc=1">View Product</a></div><div class="product"><a href="https://www.amazon.com/dp/B07C39H9YX?tag=eloabder-20&linkCode=osi&th=1&psc=1"><img src="https://m.media-amazon.com/images/I/31yK3Vb5xWL._SL500_.jpg" alt="Product Image"></a><p>Adam's Polishes Iron Remover (16oz) - Iron Out Fallout Rust Remover Spray for Car Detailing | Remove Iron Particles in Car Paint, Motorcycle, RV & Boat | Use Before Clay Bar, Car Wax or Car Wash</p><p>$16.99</p><a href="https://www.amazon.com/dp/B07C39H9YX?tag=eloabder-20&linkCode=osi&th=1&psc=1">View Product</a></div><div class="product"><a href="https://www.amazon.com/dp/B0BTJ9DJM5?tag=eloabder-20&linkCode=osi&th=1&psc=1"><img src="https://m.media-amazon.com/images/I/41tNMqlDrxL._SL500_.jpg" alt="Product Image"></a><p>Torque Detail Decon Wash Pack - Decontamination Soap 8oz + Wash Mitt - Surface Strip Wash Car Shampoo - Highly Absorbent Microfiber Chenille Car Wash Mitt Safely Cleans Your Vehicles Entire Surface</p><p>$24.95 ($3.12 / Fl Oz)</p><a href="https://www.amazon.com/dp/B0BTJ9DJM5?tag=eloabder-20&linkCode=osi&th=1&psc=1">View Product</a></div><div class="product"><a href="https://www.amazon.com/dp/B013K5V9PQ?tag=eloabder-20&linkCode=osi&th=1&psc=1"><img src="https://m.media-amazon.com/images/I/41V3rm6NlZL._SL500_.jpg" alt="Product Image"></a><p>CARPRO PolyShave Decon Towel - Car Detailing Clay Decontamination Faster than Clay Bar, Clean & Release of Paint Contaminants and Glass - Increase Wax and Sealant Bond - 12" x 12" (1 Pack)</p><p>$39.97</p><a href="https://www.amazon.com/dp/B013K5V9PQ?tag=eloabder-20&linkCode=osi&th=1&psc=1">View Product</a></div><div class="product"><a href="https://www.amazon.com/dp/B0B788NBWG?tag=eloabder-20&linkCode=osi&th=1&psc=1"><img src="https://m.media-amazon.com/images/I/51NDfAOuEmL._SL500_.jpg" alt="Product Image"></a><p>P & S Professional Detail Products - Clay Decontamination Towel - Effective Cleaning & Release of Paint Contaminants; Increase Wax & Sealant Bond; Enhance Gloss & Depth of Color; Fine Grade-12" x 12"</p><p>$34.95</p><a href="https://www.amazon.com/dp/B0B788NBWG?tag=eloabder-20&linkCode=osi&th=1&psc=1">View Product</a></div><div class="product"><a href="https://www.amazon.com/dp/B0B27TFK69?tag=eloabder-20&linkCode=osi&th=1&psc=1"><img src="https://m.media-amazon.com/images/I/41zJPQIcqeL._SL500_.jpg" alt="Product Image"></a><p>The Rag Company - Ultra Clay Decontamination Mitt - Easy to Use; Effective Cleaning & Release of Paint Contaminants; Increase Wax & Sealant Bond; Enhance Gloss &Color Depth; Fine Grade (8.7"x5.7")</p><p>$34.95</p><a href="https://www.amazon.com/dp/B0B27TFK69?tag=eloabder-20&linkCode=osi&th=1&psc=1">View Product</a></div><div class="product"><a href="https://www.amazon.com/dp/B0C6XBN14N?tag=eloabder-20&linkCode=osi&th=1&psc=1"><img src="https://m.media-amazon.com/images/I/31BSavOJ89L._SL500_.jpg" alt="Product Image"></a><p>3D Iron Remover GLW Series | DIY Car Detailing | Hyper Effective Wheel Decontamination | Removes Iron Particles, Dirt, Brake Dust | Rapid Results | Ultimate Iron & Surface Contaminate Eliminator, 16oz</p><p>$17.99</p><a href="https://www.amazon.com/dp/B0C6XBN14N?tag=eloabder-20&linkCode=osi&th=1&psc=1">View Product</a></div>







<div class="product"><a href="https://www.amazon.com/dp/B0D2SPCW3G?tag=eloabder-20&linkCode=osi&th=1&psc=1"><img src="https://m.media-amazon.com/images/I/41JYIg6xqqL._SL500_.jpg" alt="Product Image"></a><p>Crankcase Ventilation Oil Separator with Gasket Compatible for 2008-2014 Volvo Mack D13 D16 MP8 Engine Replace 21122541 20499419</p><p>$155.99</p><a href="https://www.amazon.com/dp/B0D2SPCW3G?tag=eloabder-20&linkCode=osi&th=1&psc=1">View Product</a></div>

<div class="product"><a href="https://www.amazon.com/dp/B0C6M2FHGX?tag=eloabder-20&linkCode=osi&th=1&psc=1"><img src="https://m.media-amazon.com/images/I/21wWRrpHdbL._SL500_.jpg" alt="Product Image"></a><p>eMagTech 9PCS Warning Sign Please No Smoking Vaping Food Drink Stickers 110x50mm Self-Adhesive Vinyl Window Decal for Car Taxis Buses Minibuses</p><p>$9.49</p><a href="https://www.amazon.com/dp/B0C6M2FHGX?tag=eloabder-20&linkCode=osi&th=1&psc=1">View Product</a></div>

Aucun résultat trouvé.

<div class="product"><a href="https://www.amazon.com/dp/B0CVWZZMRY?tag=eloabder-20&linkCode=osi&th=1&psc=1"><img src="https://m.media-amazon.com/images/I/512y-1GwQNL._SL500_.jpg" alt="Product Image"></a><p>Jewkot 4 PCS Car Wiper Strip, 28" Boneless Structure Car Windshield Cleaning Wiper Strip, DIY Length Auxiliary Cleaning Replacement Accessory, Suitable for Most Cars, Vans, Trucks, Buses (Black)</p><p>$5.58</p><a href="https://www.amazon.com/dp/B0CVWZZMRY?tag=eloabder-20&linkCode=osi&th=1&psc=1">View Product</a></div>
<div class="product"><a href="https://www.amazon.com/dp/B07L3VQC6W?tag=eloabder-20&linkCode=osi&th=1&psc=1"><img src="https://m.media-amazon.com/images/I/41GebP+2HYL._SL500_.jpg" alt="Product Image"></a><p>BRISA VW Collection Volkswagen Air Freshener, Room Freshener, Deodorizer for Cars T1 Bus Campervan Motif (Citrus/Yellow/Set of 2)</p><p>$13.90 ($6.95 / Count)</p><a href="https://www.amazon.com/dp/B07L3VQC6W?tag=eloabder-20&linkCode=osi&th=1&psc=1">View Product</a></div><div class="product"><a href="https://www.amazon.com/dp/B07L3V86JS?tag=eloabder-20&linkCode=osi&th=1&psc=1"><img src="https://m.media-amazon.com/images/I/41TblWhKhQL._SL500_.jpg" alt="Product Image"></a><p>BRISA VW Collection Volkswagen Air Freshener, Room Freshener, Deodorizer for Cars T1 Bus Campervan Motif (New Car/Green/Set of 2)</p><p>$13.90 ($6.95 / Count)</p><a href="https://www.amazon.com/dp/B07L3V86JS?tag=eloabder-20&linkCode=osi&th=1&psc=1">View Product</a></div>


Aucun résultat trouvé.










<div class="product"><a href="https://www.amazon.com/dp/B099HL5SV2?tag=eloabder-20&linkCode=osi&th=1&psc=1"><img src="https://m.media-amazon.com/images/I/31kcR8HnylL._SL500_.jpg" alt="Product Image"></a><p>Philips GoPure GP5212 High Performance HEPA Air Purifier for Car, Removes up to 100 Pollutants, Exhaust Fumes, VOCs, Smoke, Bad Odors, Bacteria and Viruses</p><p>$77.59</p><a href="https://www.amazon.com/dp/B099HL5SV2?tag=eloabder-20&linkCode=osi&th=1&psc=1">View Product</a></div><div class="product"><a href="https://www.amazon.com/dp/B07TB419F7?tag=eloabder-20&linkCode=osi&th=1&psc=1"><img src="https://m.media-amazon.com/images/I/41l9XK-u-eL._SL500_.jpg" alt="Product Image"></a><p>Enoch Ionic Car Air Purifier with Dual USB Car Charger. Car Air Freshener Eliminates Odor, Dust. Removes Smoke, Pet and Food Odor. Ionic Ozone Car Deodorizer (Matt Black)</p><p>$24.50</p><a href="https://www.amazon.com/dp/B07TB419F7?tag=eloabder-20&linkCode=osi&th=1&psc=1">View Product</a></div><div class="product"><a href="https://www.amazon.com/dp/B08C9LKKMM?tag=eloabder-20&linkCode=osi&th=1&psc=1"><img src="https://m.media-amazon.com/images/I/41uJDRzxfrL._SL500_.jpg" alt="Product Image"></a><p>4WDKING Car Air Purifier Ionizer, 12V Plug-in Car Air Freshener Gadgets with Dual USB Charger Removes Cigarette Smoke, Pet and Food Odor, Ionic Ozone (Black)</p><p>$22.99</p><a href="https://www.amazon.com/dp/B08C9LKKMM?tag=eloabder-20&linkCode=osi&th=1&psc=1">View Product</a></div><div class="product"><a href="https://www.amazon.com/dp/B07C7D366L?tag=eloabder-20&linkCode=osi&th=1&psc=1"><img src="https://m.media-amazon.com/images/I/51GvjMcOskL._SL500_.jpg" alt="Product Image"></a><p>Car Air Purifier Ionizer - 12V Plug-in Ionic Anti-Microbial Car Deodorizer with Dual USB Charger - Smoke Smell, Pet and Food Odors, Allergens, Viruses Eliminator for Car (Matte Silver)</p><p>$24.99</p><a href="https://www.amazon.com/dp/B07C7D366L?tag=eloabder-20&linkCode=osi&th=1&psc=1">View Product</a></div><div class="product"><a href="https://www.amazon.com/dp/B086H3FW7T?tag=eloabder-20&linkCode=osi&th=1&psc=1"><img src="https://m.media-amazon.com/images/I/51FfQTz4koL._SL500_.jpg" alt="Product Image"></a><p>bmbu 1000g Large Bamboo Charcoal Air Purifier Bag - Car Deodorizer/Car Freshener - Remove Odor and Control Moisture in Your RV, Camper, SUV, Car, Truck, Closet, Mobile Home, Storage - Non Fragrant</p><p>$22.99 ($0.65 / Ounce)</p><a href="https://www.amazon.com/dp/B086H3FW7T?tag=eloabder-20&linkCode=osi&th=1&psc=1">View Product</a></div><div class="product"><a href="https://www.amazon.com/dp/B019NXUJ5K?tag=eloabder-20&linkCode=osi&th=1&psc=1"><img src="https://m.media-amazon.com/images/I/31grLw6pdUL._SL500_.jpg" alt="Product Image"></a><p>PURGGO Car Air Freshener - Lasts 365+ Days No Chemicals 100% Activated Bamboo Charcoal Fragrance-Free Deodorizer, Natural Auto Odor Eliminator, Purifier, Neutralizer, Absorb Smoke Smell</p><p>$25.99</p><a href="https://www.amazon.com/dp/B019NXUJ5K?tag=eloabder-20&linkCode=osi&th=1&psc=1">View Product</a></div><div class="product"><a href="https://www.amazon.com/dp/B0CT5TBKH5?tag=eloabder-20&linkCode=osi&th=1&psc=1"><img src="https://m.media-amazon.com/images/I/41UB7n6FuwL._SL500_.jpg" alt="Product Image"></a><p>Timgle 1 Pack Car Air Freshener, Lasts 365+ Days, No Chemicals 100% Activated Bamboo Charcoal Fragrance, Free Deodorizer, Natural Auto Odor Eliminator, Purifier, Neutralizer (Khaki Strap)</p><p>$10.99</p><a href="https://www.amazon.com/dp/B0CT5TBKH5?tag=eloabder-20&linkCode=osi&th=1&psc=1">View Product</a></div><div class="product"><a href="https://www.amazon.com/dp/B00V4049K2?tag=eloabder-20&linkCode=osi&th=1&psc=1"><img src="https://m.media-amazon.com/images/I/51rLLMGOc6L._SL500_.jpg" alt="Product Image"></a><p>PURGGO Car Air Freshener - Auto Odor Eliminator - 100% Activated Bamboo Charcoal Air Purifier, Ionizer - Absorb and Remove Smoke Smell - Fragrance-Free Deodorizer - Lasts 365+ Days [Classic Beige]</p><p>$25.99</p><a href="https://www.amazon.com/dp/B00V4049K2?tag=eloabder-20&linkCode=osi&th=1&psc=1">View Product</a></div>






<div class="product"><a href="https://www.amazon.com/dp/B0D464228M?tag=eloabder-20&linkCode=osi&th=1&psc=1"><img src="https://m.media-amazon.com/images/I/315VtBe9l-L._SL500_.jpg" alt="Product Image"></a><p>Drift Car Air Freshener - Wood Air Freshener - Car Odor Eliminator - Open Air Scent Starter Kit</p><p>$11.95</p><a href="https://www.amazon.com/dp/B0D464228M?tag=eloabder-20&linkCode=osi&th=1&psc=1">View Product</a></div>
<div class="product"><a href="https://www.amazon.com/dp/B071HR14SJ?tag=eloabder-20&linkCode=osi&th=1&psc=1"><img src="https://m.media-amazon.com/images/I/41crypCefDL._SL500_.jpg" alt="Product Image"></a><p>Meguiar's Gold Class Car Wash Soap, Ultra-Rich Car Wash Soap and Conditioner for Car Cleaning, Car Wash Soap to Clean and Condition in One Easy Step, 1 Gallon Car Wash Soap</p><p>$24.99 ($0.20 / Ounce)</p><a href="https://www.amazon.com/dp/B071HR14SJ?tag=eloabder-20&linkCode=osi&th=1&psc=1">View Product</a></div><div class="product"><a href="https://www.amazon.com/dp/B085R9L9Q9?tag=eloabder-20&linkCode=osi&th=1&psc=1"><img src="https://m.media-amazon.com/images/I/41tAv1FNbZL._SL500_.jpg" alt="Product Image"></a><p>Armor All Extreme Shield Protectant Spray , Interior Car Cleaner with UV Protection Against Cracking and Fading, 16 Fl Oz</p><p>$8.98 ($0.56 / Fl Oz)</p><a href="https://www.amazon.com/dp/B085R9L9Q9?tag=eloabder-20&linkCode=osi&th=1&psc=1">View Product</a></div><div class="product"><a href="https://www.amazon.com/dp/B016NA9Y4S?tag=eloabder-20&linkCode=osi&th=1&psc=1"><img src="https://m.media-amazon.com/images/I/31oz8VJFdjL._SL500_.jpg" alt="Product Image"></a><p>Rain-X 5079281-2 Latitude 2-In-1 Wiper Blades, 26 Inch Windshield Wipers (Pack Of 1), Automotive Replacement Windshield Wiper Blades With Patented Rain-X Water Repellency Formula</p><p>$17.08</p><a href="https://www.amazon.com/dp/B016NA9Y4S?tag=eloabder-20&linkCode=osi&th=1&psc=1">View Product</a></div><div class="product"><a href="https://www.amazon.com/dp/B0D2PCCJVK?tag=eloabder-20&linkCode=osi&th=1&psc=1"><img src="https://m.media-amazon.com/images/I/41BFT-c3a9L._SL500_.jpg" alt="Product Image"></a><p>HoogaLife Car Air Freshener Diffuser – Revitalize Your Drive with Hanging Air Freshener Diffuser Aromatic Bliss On The Go(VANILLA CREAM)</p><p>$12.99 ($24.06 / Fl Oz)</p><a href="https://www.amazon.com/dp/B0D2PCCJVK?tag=eloabder-20&linkCode=osi&th=1&psc=1">View Product</a></div><div class="product"><a href="https://www.amazon.com/dp/B0D17SKCLF?tag=eloabder-20&linkCode=osi&th=1&psc=1"><img src="https://m.media-amazon.com/images/I/51VjaK8JNmL._SL500_.jpg" alt="Product Image"></a><p>AIDEA Car Wash Mitt Microfiber, 1PK-Scratch-Free& Lint-Free, Premium Chenille Microfiber Wash Mitt-Green Regular Size (7.12''X10.14'')</p><p>$5.99</p><a href="https://www.amazon.com/dp/B0D17SKCLF?tag=eloabder-20&linkCode=osi&th=1&psc=1">View Product</a></div>








<div class="product"><a href="https://www.amazon.com/dp/B00UZE8D00?tag=eloabder-20&linkCode=osi&th=1&psc=1"><img src="https://m.media-amazon.com/images/I/517VVkgvgcL._SL500_.jpg" alt="Product Image"></a><p>Chemical Guys HOL_996 Convertible Top Cleaner and Protectant Kit, 16 oz, 2 Items</p><p>$29.99</p><a href="https://www.amazon.com/dp/B00UZE8D00?tag=eloabder-20&linkCode=osi&th=1&psc=1">View Product</a></div><div class="product"><a href="https://www.amazon.com/dp/B004HCS4NW?tag=eloabder-20&linkCode=osi&th=1&psc=1"><img src="https://m.media-amazon.com/images/I/41j5b6xRqNL._SL500_.jpg" alt="Product Image"></a><p>Meguiar's Convertible Top Cleaner - Fabric Convertible Top Cleaner and Vinyl Convertible Top Cleaner in One Advanced Formula - Safely Removes Stains, Mildew, Bird Droppings, and More, 16 Oz</p><p>$6.87 ($0.43 / Ounce)</p><a href="https://www.amazon.com/dp/B004HCS4NW?tag=eloabder-20&linkCode=osi&th=1&psc=1">View Product</a></div><div class="product"><a href="https://www.amazon.com/dp/B00UZE80N0?tag=eloabder-20&linkCode=osi&th=1&psc=1"><img src="https://m.media-amazon.com/images/I/31FG83SK9SL._SL500_.jpg" alt="Product Image"></a><p>Chemical Guys SPI_193_16 Convertible Top Protectant and Repellent, (Helps Prevent Fading & Discoloration on Fabric Sot Tops) 16 fl oz (Packaging May Vary)</p><p>$19.99 ($1.25 / Fl Oz)</p><a href="https://www.amazon.com/dp/B00UZE80N0?tag=eloabder-20&linkCode=osi&th=1&psc=1">View Product</a></div><div class="product"><a href="https://www.amazon.com/dp/B00UZE8C1A?tag=eloabder-20&linkCode=osi&th=1&psc=1"><img src="https://m.media-amazon.com/images/I/31aLnXKZxfL._SL500_.jpg" alt="Product Image"></a><p>Chemical Guys ACC_S94 Convertible Top Horse Hair Cleaning Brush, Safe for Cloth Soft Tops, Upholstery, Leather, Furniture, & More</p><p>$14.99</p><a href="https://www.amazon.com/dp/B00UZE8C1A?tag=eloabder-20&linkCode=osi&th=1&psc=1">View Product</a></div><div class="product"><a href="https://www.amazon.com/dp/B000A8JNF0?tag=eloabder-20&linkCode=osi&th=1&psc=1"><img src="https://m.media-amazon.com/images/I/51PLChiVIrL._SL500_.jpg" alt="Product Image"></a><p>303 Products Convertible Fabric Top Cleaning and Care Kit - Cleans And Protects Fabric Tops - Includes Tonneau Cover And Convertible Top Cleaner 16 fl. oz. + Fabric Guard, (30520)</p><p>$32.79 ($1.02 / Fl Oz)</p><a href="https://www.amazon.com/dp/B000A8JNF0?tag=eloabder-20&linkCode=osi&th=1&psc=1">View Product</a></div>
<div class="product"><a href="https://www.amazon.com/dp/B0BCQ1XMWV?tag=eloabder-20&linkCode=osi&th=1&psc=1"><img src="https://m.media-amazon.com/images/I/41lV6Au-S9L._SL500_.jpg" alt="Product Image"></a><p>EMITHSUN® Windshield Wiper Blades Replacement for Honda Civic Coupe 2 Door 2005-2011,That Meet OEM Quality Front Wipers Blade Set for My Car-28"+24"(Set of 2)</p><p>$19.99</p><a href="https://www.amazon.com/dp/B0BCQ1XMWV?tag=eloabder-20&linkCode=osi&th=1&psc=1">View Product</a></div>
<div class="product"><a href="https://www.amazon.com/dp/B00I8ITVZG?tag=eloabder-20&linkCode=osi&th=1&psc=1"><img src="https://m.media-amazon.com/images/I/41TXd564pcL._SL500_.jpg" alt="Product Image"></a><p>ECOGARD XC36067 Premium Cabin Air Filter Fits Hyundai Genesis 2009-2016, Equus 2011-2016 | Genesis G80 2017-2021, G90 2019-2021, GV80 2021 | Kia K900 2020</p><p>$10.98</p><a href="https://www.amazon.com/dp/B00I8ITVZG?tag=eloabder-20&linkCode=osi&th=1&psc=1">View Product</a></div>

<div class="product"><a href="https://www.amazon.com/dp/B097C3NCP1?tag=eloabder-20&linkCode=osi&th=1&psc=1"><img src="https://m.media-amazon.com/images/I/41GXST2+s6L._SL500_.jpg" alt="Product Image"></a><p>Raidbee 12 inch Rear Wiper Blade Replacement for Toyota Corolla Hatchback 2022-2019, Nissan Versa 2019-2014 Back Windshield Wiper (H306/12-B)</p><p>$6.99</p><a href="https://www.amazon.com/dp/B097C3NCP1?tag=eloabder-20&linkCode=osi&th=1&psc=1">View Product</a></div>



<div class="product"><a href="https://www.amazon.com/dp/B0CQ4MLKHJ?tag=eloabder-20&linkCode=osi&th=1&psc=1"><img src="https://m.media-amazon.com/images/I/519f8covwQL._SL500_.jpg" alt="Product Image"></a><p>Feetiger All-in-1 Fire Extinguisher for Home, Kitchen, Car, Garage, RV, Truck, Boat, Camping, Fire Spray that Tackles Multiple Types of Fire, 2pack</p><p>$39.99</p><a href="https://www.amazon.com/dp/B0CQ4MLKHJ?tag=eloabder-20&linkCode=osi&th=1&psc=1">View Product</a></div>
<div class="product"><a href="https://www.amazon.com/dp/B07TS4JV6H?tag=eloabder-20&linkCode=osi&th=1&psc=1"><img src="https://m.media-amazon.com/images/I/412htpDd6fL._SL500_.jpg" alt="Product Image"></a><p>Police Flag Air Freshener, New Car Scent, 6-Pack</p><p>$9.99 ($1.66 / Count)</p><a href="https://www.amazon.com/dp/B07TS4JV6H?tag=eloabder-20&linkCode=osi&th=1&psc=1">View Product</a></div>


<div class="product"><a href="https://www.amazon.com/dp/B009EU5ZNO?tag=eloabder-20&linkCode=osi&th=1&psc=1"><img src="https://m.media-amazon.com/images/I/515MJLZbnoL._SL500_.jpg" alt="Product Image"></a><p>J-B Weld 50133 Plastic Bonder Structural Adhesive Syringe - Tan - 25 ml</p><p>$6.98 ($8.21 / Fl Oz)</p><a href="https://www.amazon.com/dp/B009EU5ZNO?tag=eloabder-20&linkCode=osi&th=1&psc=1">View Product</a></div>



<div class="product"><a href="https://www.amazon.com/dp/B09P6YZP72?tag=eloabder-20&linkCode=osi&th=1&psc=1"><img src="https://m.media-amazon.com/images/I/416rlvu+ayL._SL500_.jpg" alt="Product Image"></a><p>AUTOBOO 26"+20" Windshield Wipers with 16" Rear Wiper Blade Replacement for Dodge Grand Caravan 2008-2012 2013 2014 2015 2016 2017 2018 2019 -Original Factory Quality (Pack of 3)</p><p>$23.99</p><a href="https://www.amazon.com/dp/B09P6YZP72?tag=eloabder-20&linkCode=osi&th=1&psc=1">View Product</a></div><div class="product"><a href="https://www.amazon.com/dp/B0BLYQBDS8?tag=eloabder-20&linkCode=osi&th=1&psc=1"><img src="https://m.media-amazon.com/images/I/51SbpSR2zBL._SL500_.jpg" alt="Product Image"></a><p>A-Premium Engine Air Filter Compatible with Chrysler Town & Country & Dodge Grand Caravan & Ram C/V & Volkswagen Routan, 2011-2020, Flexible Panel, Replace# 4861737AA</p><p>$12.99</p><a href="https://www.amazon.com/dp/B0BLYQBDS8?tag=eloabder-20&linkCode=osi&th=1&psc=1">View Product</a></div>
<div class="product"><a href="https://www.amazon.com/dp/B001FCB4JS?tag=eloabder-20&linkCode=osi&th=1&psc=1"><img src="https://m.media-amazon.com/images/I/21wq6fxqiVL._SL500_.jpg" alt="Product Image"></a><p>Dicor BT-1834-1 Butyl Seal Tape - 1/8" x 3/4" x 30' Repair Tape for RV, Trailer, Motorhome, Window, and Vent Sealing</p><p>$13.15 ($0.44 / Foot)</p><a href="https://www.amazon.com/dp/B001FCB4JS?tag=eloabder-20&linkCode=osi&th=1&psc=1">View Product</a></div>
<div class="product"><a href="https://www.amazon.com/dp/B000BUQOD6?tag=eloabder-20&linkCode=osi&th=1&psc=1"><img src="https://m.media-amazon.com/images/I/41O0CoP1L3L._SL500_.jpg" alt="Product Image"></a><p>Camco Camper/RV Toilet Paper | Sewer-Safe, Septic-Safe & Biodegradable | Designed for Camper, Trailer & Marine Sanitation Systems | 1-Ply Tissue | 4 Toilet Paper Rolls – 280 Sheets per Roll (40275)</p><p>$5.99 ($2.14 / 100 Sheets)</p><a href="https://www.amazon.com/dp/B000BUQOD6?tag=eloabder-20&linkCode=osi&th=1&psc=1">View Product</a></div><div class="product"><a href="https://www.amazon.com/dp/B007JG1W1E?tag=eloabder-20&linkCode=osi&th=1&psc=1"><img src="https://m.media-amazon.com/images/I/41i-j99E9ML._SL500_.jpg" alt="Product Image"></a><p>Camco TST Camper / RV Grey Water Odor Control - Removes Grease Buildup in Gray Water Tank, Sink & Shower Drains - 4oz Treats 40-Gal Holding Tank - Safe Septic Tank Treatment - Lemon, 64 oz (40256)</p><p>$19.94 ($0.31 / Fl Oz)</p><a href="https://www.amazon.com/dp/B007JG1W1E?tag=eloabder-20&linkCode=osi&th=1&psc=1">View Product</a></div><div class="product"><a href="https://www.amazon.com/dp/B016V2OSD0?tag=eloabder-20&linkCode=osi&th=1&psc=1"><img src="https://m.media-amazon.com/images/I/31Jm99RYVXL._SL500_.jpg" alt="Product Image"></a><p>Camco TST MAX RV Toilet Treatment Drop-INs | Control Unwanted Odors and Break Down Waste and Tissue | Septic Tank Safe | Lavender Scent | 15-pack (41559)</p><p>$11.97 ($0.80 / Count)</p><a href="https://www.amazon.com/dp/B016V2OSD0?tag=eloabder-20&linkCode=osi&th=1&psc=1">View Product</a></div>






<div class="product"><a href="https://www.amazon.com/dp/B006GJYOL0?tag=eloabder-20&linkCode=osi&th=1&psc=1"><img src="https://m.media-amazon.com/images/I/41YPjiCzDfL._SL500_.jpg" alt="Product Image"></a><p>Boat Bling HS-0128 Hot Sauce Hard Water Spot Remover, Gallon Refill, for Boats, RVs, Powersport Vehicles and More, Black,1 Gallon</p><p>$54.95 ($0.43 / Fl Oz)</p><a href="https://www.amazon.com/dp/B006GJYOL0?tag=eloabder-20&linkCode=osi&th=1&psc=1">View Product</a></div><div class="product"><a href="https://www.amazon.com/dp/B0000AXVCB?tag=eloabder-20&linkCode=osi&th=1&psc=1"><img src="https://m.media-amazon.com/images/I/51gtsDb7zDL._SL500_.jpg" alt="Product Image"></a><p>Meguiar's M4364 Marine/RV Boat Wash - 64 Oz Container</p><p>$13.99 ($0.22 / Fl Oz)</p><a href="https://www.amazon.com/dp/B0000AXVCB?tag=eloabder-20&linkCode=osi&th=1&psc=1">View Product</a></div><div class="product"><a href="https://www.amazon.com/dp/B0007TR47G?tag=eloabder-20&linkCode=osi&th=1&psc=1"><img src="https://m.media-amazon.com/images/I/41Q4SzlVojL._SL500_.jpg" alt="Product Image"></a><p>Meguiar's Flagship Premium Marine Wax, Boat Polish and Oxidation Remover - 32 Oz Bottle</p><p>$21.49</p><a href="https://www.amazon.com/dp/B0007TR47G?tag=eloabder-20&linkCode=osi&th=1&psc=1">View Product</a></div><div class="product"><a href="https://www.amazon.com/dp/B006GJYLFY?tag=eloabder-20&linkCode=osi&th=1&psc=1"><img src="https://m.media-amazon.com/images/I/31G78TSjssL._SL500_.jpg" alt="Product Image"></a><p>Boat Bling Condition Sauce Premium Interior Moisturizer w/UV Protection, 32 oz.</p><p>$27.95</p><a href="https://www.amazon.com/dp/B006GJYLFY?tag=eloabder-20&linkCode=osi&th=1&psc=1">View Product</a></div><div class="product"><a href="https://www.amazon.com/dp/B006GJYKWI?tag=eloabder-20&linkCode=osi&th=1&psc=1"><img src="https://m.media-amazon.com/images/I/41AcDanNz-L._SL500_.jpg" alt="Product Image"></a><p>Boat Bling VS-0032 Vinyl Sauce Premium Vinyl and Leather Cleaner, 32 Oz., for Boats, RVs, Powersport Vehicles and More</p><p>$22.95 ($0.72 / Fl Oz)</p><a href="https://www.amazon.com/dp/B006GJYKWI?tag=eloabder-20&linkCode=osi&th=1&psc=1">View Product</a></div>
<div class="product"><a href="https://www.amazon.com/dp/B004OJTEKK?tag=eloabder-20&linkCode=osi&th=1&psc=1"><img src="https://m.media-amazon.com/images/I/41q8kkNiKOL._SL500_.jpg" alt="Product Image"></a><p>Shurhold Yacht Brite YBP-0302 Brite Wash - 1 Gallon</p><p>$23.97 ($0.19 / Fl Oz)</p><a href="https://www.amazon.com/dp/B004OJTEKK?tag=eloabder-20&linkCode=osi&th=1&psc=1">View Product</a></div>




<div class="product"><a href="https://www.amazon.com/dp/B0B2RDZNZB?tag=eloabder-20&linkCode=osi&th=1&psc=1"><img src="https://m.media-amazon.com/images/I/51RVSUoRuGL._SL500_.jpg" alt="Product Image"></a><p>Fancemot Helicopter Car Air Fresheners Rotating Solar Car Fresheners Airplane Car Perfume (Osmanthus & Vanilla)</p><p>$14.08</p><a href="https://www.amazon.com/dp/B0B2RDZNZB?tag=eloabder-20&linkCode=osi&th=1&psc=1">View Product</a></div><div class="product"><a href="https://www.amazon.com/dp/B0994PG1ZD?tag=eloabder-20&linkCode=osi&th=1&psc=1"><img src="https://m.media-amazon.com/images/I/413er0A8cVS._SL500_.jpg" alt="Product Image"></a><p>NICEADA Car Air Freshener, Helicopter Solar Energy Rotating Aromatherapy Aviation Al Alloy Diffuser, Interior Decoration Accessories Diffuser for Car and Home (Silver)</p><p>$23.99</p><a href="https://www.amazon.com/dp/B0994PG1ZD?tag=eloabder-20&linkCode=osi&th=1&psc=1">View Product</a></div><div class="product"><a href="https://www.amazon.com/dp/B09ZTMZKSJ?tag=eloabder-20&linkCode=osi&th=1&psc=1"><img src="https://m.media-amazon.com/images/I/41rz5PydC9L._SL500_.jpg" alt="Product Image"></a><p>Air Freshener, Gigicloud Car Fragrance Diffuser Solar Rotating Automotive Air Fresheners Ornament Helicopter Shape Solid Aromatherapy Decoration for Car and Home (Black)</p><p>$15.49</p><a href="https://www.amazon.com/dp/B09ZTMZKSJ?tag=eloabder-20&linkCode=osi&th=1&psc=1">View Product</a></div><div class="product"><a href="https://www.amazon.com/dp/B0CWNNPCD3?tag=eloabder-20&linkCode=osi&th=1&psc=1"><img src="https://m.media-amazon.com/images/I/51nznnJJhfL._SL500_.jpg" alt="Product Image"></a><p>Car Air Freshener Diffuser, KaiDengZhe 1PCS Helicopter Solar Energy Rotating Aromatherapy Aviation Al Alloy Diffuser, Car Diffuser for Essential Oils, Relieve Stress and Purifie Odors for Car and Home</p><p>$15.99</p><a href="https://www.amazon.com/dp/B0CWNNPCD3?tag=eloabder-20&linkCode=osi&th=1&psc=1">View Product</a></div><div class="product"><a href="https://www.amazon.com/dp/B0B8T47G65?tag=eloabder-20&linkCode=osi&th=1&psc=1"><img src="https://m.media-amazon.com/images/I/41d6cgVheqL._SL500_.jpg" alt="Product Image"></a><p>Joyfunky Car Air Fresheners with Solar Rotating, Creative Car Perfume Decoration, Relieve Stress and Purifie Odors, Use at Car, office and Home, Silver</p><p>$12.99</p><a href="https://www.amazon.com/dp/B0B8T47G65?tag=eloabder-20&linkCode=osi&th=1&psc=1">View Product</a></div><div class="product"><a href="https://www.amazon.com/dp/B0D4ZHJVK8?tag=eloabder-20&linkCode=osi&th=1&psc=1"><img src="https://m.media-amazon.com/images/I/41sEhsjtb4L._SL500_.jpg" alt="Product Image"></a><p>NICEADA Helicopter Solar Car Air Freshener Refill Set, Solar Essential Oil Refill Perfume Oil for Car Air Fresheners(4 Packs)</p><p>$21.99 ($24.99 / Fl Oz)</p><a href="https://www.amazon.com/dp/B0D4ZHJVK8?tag=eloabder-20&linkCode=osi&th=1&psc=1">View Product</a></div><div class="product"><a href="https://www.amazon.com/dp/B0D251XW47?tag=eloabder-20&linkCode=osi&th=1&psc=1"><img src="https://m.media-amazon.com/images/I/41x6lmNq9fL._SL500_.jpg" alt="Product Image"></a><p>Helicopter Car Air Fresheners with Solar Rotating, Creative Car Perfume Decoration, Car Airplane Fragrance Diffuser for Car, Home, Office (Silver)</p><p>$13.09</p><a href="https://www.amazon.com/dp/B0D251XW47?tag=eloabder-20&linkCode=osi&th=1&psc=1">View Product</a></div>

<div class="product"><a href="https://www.amazon.com/dp/B0D4154TQG?tag=eloabder-20&linkCode=osi&th=1&psc=1"><img src="https://m.media-amazon.com/images/I/217Iw-nO3UL._SL500_.jpg" alt="Product Image"></a><p>RV Curtain Glide Tape A115, 1/2 Inch Glides Clear RV Curtain Strip Curtain Slide Tape 72 Inches Long Use with Ceiling or Wall Mount Curtain Track A201 A202 (2 Pack)</p><p>$17.99</p><a href="https://www.amazon.com/dp/B0D4154TQG?tag=eloabder-20&linkCode=osi&th=1&psc=1">View Product</a></div>
<div class="product"><a href="https://www.amazon.com/dp/B08W4PQN8L?tag=eloabder-20&linkCode=osi&th=1&psc=1"><img src="https://m.media-amazon.com/images/I/41udmrd6QTL._SL500_.jpg" alt="Product Image"></a><p>Hot Air Balloon Novelty Air Freshener for Car - Sandalwood Scented Automotive Accessory New Mexico Souvenir Gift (Pack of 4)</p><p>$7.99 ($2.00 / Count)</p><a href="https://www.amazon.com/dp/B08W4PQN8L?tag=eloabder-20&linkCode=osi&th=1&psc=1">View Product</a></div>















<div class="product"><a href="https://www.amazon.com/dp/B0CP87K2VD?tag=eloabder-20&linkCode=osi&th=1&psc=1"><img src="https://m.media-amazon.com/images/I/41dTH4OPkcL._SL500_.jpg" alt="Product Image"></a><p>For harley air cleaner filter Touring street glide road king electra tri trike Dyna Sportster XL 883 1200 Softail air intake (Drift style -Contrast Cut, C-For Touring 08-16, Softail 16-17)</p><p>$125.00</p><a href="https://www.amazon.com/dp/B0CP87K2VD?tag=eloabder-20&linkCode=osi&th=1&psc=1">View Product</a></div><div class="product"><a href="https://www.amazon.com/dp/B08DNLNY3G?tag=eloabder-20&linkCode=osi&th=1&psc=1"><img src="https://m.media-amazon.com/images/I/51baNj3o8CL._SL500_.jpg" alt="Product Image"></a><p>2963308 HD1508 Ultra Classic Air Filter Cleaner for 2008-2014 Harley Davidson Street Glide, Electra Glide, Road King, Road Glide Custom, Ultra Classic and other select models HD-1508</p><p>$21.99</p><a href="https://www.amazon.com/dp/B08DNLNY3G?tag=eloabder-20&linkCode=osi&th=1&psc=1">View Product</a></div><div class="product"><a href="https://www.amazon.com/dp/B0CQ2KKC3N?tag=eloabder-20&linkCode=osi&th=1&psc=1"><img src="https://m.media-amazon.com/images/I/31W2a0gAwIL._SL500_.jpg" alt="Product Image"></a><p>High-Flo Replacement Air Filter Element For Ventilator - Milwaukee-Eight Engine '18-later Softail and '17-later Touring and Trike Models Equipped with 114 Air Cleaner</p><p>$39.99</p><a href="https://www.amazon.com/dp/B0CQ2KKC3N?tag=eloabder-20&linkCode=osi&th=1&psc=1">View Product</a></div><div class="product"><a href="https://www.amazon.com/dp/B0CPJ5BSGM?tag=eloabder-20&linkCode=osi&th=1&psc=1"><img src="https://m.media-amazon.com/images/I/41cUadnGKpL._SL500_.jpg" alt="Product Image"></a><p>For harley air cleaner filter sportster street road glide king for harley davidson motorcycle air intake (Nake style -Black, A-For Sportster XL models)</p><p>$169.00</p><a href="https://www.amazon.com/dp/B0CPJ5BSGM?tag=eloabder-20&linkCode=osi&th=1&psc=1">View Product</a></div><div class="product"><a href="https://www.amazon.com/dp/B0CR17NS1M?tag=eloabder-20&linkCode=osi&th=1&psc=1"><img src="https://m.media-amazon.com/images/I/41n57oM0A-L._SL500_.jpg" alt="Product Image"></a><p>For harley air cleaner filter Sportster Softail Touring street road king glide Dyna for harley davidson air intake filters (Speed 7 style -gray filter, C-For Touring 08-16, Softail 16-17)</p><p>$89.00</p><a href="https://www.amazon.com/dp/B0CR17NS1M?tag=eloabder-20&linkCode=osi&th=1&psc=1">View Product</a></div><div class="product"><a href="https://www.amazon.com/dp/B0CR167HDN?tag=eloabder-20&linkCode=osi&th=1&psc=1"><img src="https://m.media-amazon.com/images/I/41o4byfzbRL._SL500_.jpg" alt="Product Image"></a><p>For harley davidson air cleaner filter sportster Touring street glide road king electra Dyna Softail motorcycle air intake (Chromed- gray filter, C-For Touring 2008-2016)</p><p>$99.00</p><a href="https://www.amazon.com/dp/B0CR167HDN?tag=eloabder-20&linkCode=osi&th=1&psc=1">View Product</a></div>







<div class="product"><a href="https://www.amazon.com/dp/B08WH8CWDM?tag=eloabder-20&linkCode=osi&th=1&psc=1"><img src="https://m.media-amazon.com/images/I/41Jj3ouB+1L._SL500_.jpg" alt="Product Image"></a><p>Glaze 'N Seal Color Enhancer Paver Sealer, 1 Gallon (923)</p><p>$62.99</p><a href="https://www.amazon.com/dp/B08WH8CWDM?tag=eloabder-20&linkCode=osi&th=1&psc=1">View Product</a></div>

<div class="product"><a href="https://www.amazon.com/dp/B0B58G8WRX?tag=eloabder-20&linkCode=osi&th=1&psc=1"><img src="https://m.media-amazon.com/images/I/41hjxJMTGJL._SL500_.jpg" alt="Product Image"></a><p>Solarhome Air Filter 333-D2696 333D2696 Compatible with JCB Backhoe Loader 3CX 4CX Telehandler 531-70</p><p>$34.50</p><a href="https://www.amazon.com/dp/B0B58G8WRX?tag=eloabder-20&linkCode=osi&th=1&psc=1">View Product</a></div>




<div class="product"><a href="https://www.amazon.com/dp/B07G7XG6BV?tag=eloabder-20&linkCode=osi&th=1&psc=1"><img src="https://m.media-amazon.com/images/I/510tZGutn6L._SL500_.jpg" alt="Product Image"></a><p>Holikme 6Pack Cleaning Brush Power Scrubber Cleaning Brush Extended Long Attachment Set All Purpose Scrub Brushes Kit for Grout, Floor, Tub, Shower, Tile, Bathroom,Car Cleaning Brush，Yellow</p><p>$6.95</p><a href="https://www.amazon.com/dp/B07G7XG6BV?tag=eloabder-20&linkCode=osi&th=1&psc=1">View Product</a></div>



<div class="product"><a href="https://www.amazon.com/dp/B000FW2NWQ?tag=eloabder-20&linkCode=osi&th=1&psc=1"><img src="https://m.media-amazon.com/images/I/31VlBDw7uDL._SL500_.jpg" alt="Product Image"></a><p>Performance Tool W233 12-Inch Long Reach Extension Scraper with 3pc Double Edged Plastic Razor Scraper Blades and 3pc Carbon Steel Razor Scraper Blades</p><p>$10.31</p><a href="https://www.amazon.com/dp/B000FW2NWQ?tag=eloabder-20&linkCode=osi&th=1&psc=1">View Product</a></div>
<div class="product"><a href="https://www.amazon.com/dp/B0BV2CQ5SW?tag=eloabder-20&linkCode=osi&th=1&psc=1"><img src="https://m.media-amazon.com/images/I/51VkTDjGg4L._SL500_.jpg" alt="Product Image"></a><p>Filterelated Mixed Bed Deionized Di Resin Filter Fill, Suitable For Spotless Car Wash System Filter Change, Tds Filter, Aquarium Filter, Deionized Car Wash,5 Liters</p><p>$49.99</p><a href="https://www.amazon.com/dp/B0BV2CQ5SW?tag=eloabder-20&linkCode=osi&th=1&psc=1">View Product</a></div><div class="product"><a href="https://www.amazon.com/dp/B01MRVQ9UE?tag=eloabder-20&linkCode=osi&th=1&psc=1"><img src="https://m.media-amazon.com/images/I/51+i6fjU6tL._SL500_.jpg" alt="Product Image"></a><p>Husqvarna XP Pre-Mixed Fuel and Engine Oil Quart (3 Pack),Blue</p><p>$32.99 ($0.34 / Count)</p><a href="https://www.amazon.com/dp/B01MRVQ9UE?tag=eloabder-20&linkCode=osi&th=1&psc=1">View Product</a></div>




<div class="product"><a href="https://www.amazon.com/dp/B01N2G2NEJ?tag=eloabder-20&linkCode=osi&th=1&psc=1"><img src="https://m.media-amazon.com/images/I/41-5g4zEDpL._SL500_.jpg" alt="Product Image"></a><p>Chemical Guys SPI10816 Heavy Duty Water Spot Remover, Safe for Cars, Trucks, Motorcycles, RVs & More, 16 fl oz</p><p>$17.97 ($1.12 / Fl Oz)</p><a href="https://www.amazon.com/dp/B01N2G2NEJ?tag=eloabder-20&linkCode=osi&th=1&psc=1">View Product</a></div>









<div class="product"><a href="https://www.amazon.com/dp/B08YRVH2QV?tag=eloabder-20&linkCode=osi&th=1&psc=1"><img src="https://m.media-amazon.com/images/I/5164O-Jr2QL._SL500_.jpg" alt="Product Image"></a><p>Thetford AquaMAX Summer Cypress Scent RV Holding Tank Treatment, Formaldehyde Free, Waste Digester, Septic Tank Safe, 5 Gallon Bottle (96754)</p><p>$248.18</p><a href="https://www.amazon.com/dp/B08YRVH2QV?tag=eloabder-20&linkCode=osi&th=1&psc=1">View Product</a></div><div class="product"><a href="https://www.amazon.com/dp/B0BPMW7485?tag=eloabder-20&linkCode=osi&th=1&psc=1"><img src="https://m.media-amazon.com/images/I/51WNuQeew7L._SL500_.jpg" alt="Product Image"></a><p>XFasten Butyl Tape Black 1/2” x 30’ x 1/8" Butyl Sealant Tape Headlight Sealant Putty Tape | Black Butyl Caulking Tape | Butyl Tape RV Putty Tape EPDM Automotive Butyl Rubber Window Sealant for RV</p><p>$13.99 ($0.47 / Foot)</p><a href="https://www.amazon.com/dp/B0BPMW7485?tag=eloabder-20&linkCode=osi&th=1&psc=1">View Product</a></div>
<div class="product"><a href="https://www.amazon.com/dp/B006DXWZQU?tag=eloabder-20&linkCode=osi&th=1&psc=1"><img src="https://m.media-amazon.com/images/I/41wtqfFFfQL._SL500_.jpg" alt="Product Image"></a><p>FRAM Ultra Synthetic Automotive Replacement Oil Filter, Designed for Synthetic Oil Changes Lasting up to 20k Miles, XG10575 with SureGrip (Pack of 1)</p><p>$10.79</p><a href="https://www.amazon.com/dp/B006DXWZQU?tag=eloabder-20&linkCode=osi&th=1&psc=1">View Product</a></div><div class="product"><a href="https://www.amazon.com/dp/B01LH7L0XA?tag=eloabder-20&linkCode=osi&th=1&psc=1"><img src="https://m.media-amazon.com/images/I/41yD3QmbyZL._SL500_.jpg" alt="Product Image"></a><p>Shell Rotella T4 Triple Protection Conventional 15W-40 Diesel Engine Oil (1-Gallon, Single Pack)</p><p>$15.98 ($0.12 / Fl Oz)</p><a href="https://www.amazon.com/dp/B01LH7L0XA?tag=eloabder-20&linkCode=osi&th=1&psc=1">View Product</a></div><div class="product"><a href="https://www.amazon.com/dp/B00ICSWGJ0?tag=eloabder-20&linkCode=osi&th=1&psc=1"><img src="https://m.media-amazon.com/images/I/41Ahz5dVc5L._SL500_.jpg" alt="Product Image"></a><p>Castrol Edge 5W-30 Advanced Full Synthetic Motor Oil, 5 Quarts</p><p>$24.72 ($0.15 / Fl Oz)</p><a href="https://www.amazon.com/dp/B00ICSWGJ0?tag=eloabder-20&linkCode=osi&th=1&psc=1">View Product</a></div><div class="product"><a href="https://www.amazon.com/dp/B01N8RPDT8?tag=eloabder-20&linkCode=osi&th=1&psc=1"><img src="https://m.media-amazon.com/images/I/41Qm+9e8sCL._SL500_.jpg" alt="Product Image"></a><p>Motorcraft - Oil - Engine (XO10W305Q3SD)</p><p>$32.27</p><a href="https://www.amazon.com/dp/B01N8RPDT8?tag=eloabder-20&linkCode=osi&th=1&psc=1">View Product</a></div>
<div class="product"><a href="https://www.amazon.com/dp/B07FTRZLM5?tag=eloabder-20&linkCode=osi&th=1&psc=1"><img src="https://m.media-amazon.com/images/I/416uoNYOsXL._SL500_.jpg" alt="Product Image"></a><p>Chemical Guys HOL126 14-Piece Arsenal Builder Car Wash Kit with Foam Gun, Bucket, and (5) 16 oz Car Care Cleaning Chemicals, Gift for Car & Truck Lovers, Dads and DIYers (Works w/Garden Hose)</p><p>$119.99</p><a href="https://www.amazon.com/dp/B07FTRZLM5?tag=eloabder-20&linkCode=osi&th=1&psc=1">View Product</a></div><div class="product"><a href="https://www.amazon.com/dp/B0741RL23Q?tag=eloabder-20&linkCode=osi&th=1&psc=1"><img src="https://m.media-amazon.com/images/I/410wwKZBYVL._SL500_.jpg" alt="Product Image"></a><p>Chemical Guys SPI220 Total Interior Cleaner and Protectant, Safe for Cars, Trucks, SUVs, Jeeps, Motorcycles, RVs & More, 128 fl oz (1 Gallon)</p><p>$54.99 ($0.43 / Fl Oz)</p><a href="https://www.amazon.com/dp/B0741RL23Q?tag=eloabder-20&linkCode=osi&th=1&psc=1">View Product</a></div><div class="product"><a href="https://www.amazon.com/dp/B002J7VX4Y?tag=eloabder-20&linkCode=osi&th=1&psc=1"><img src="https://m.media-amazon.com/images/I/41oijnffQ0L._SL500_.jpg" alt="Product Image"></a><p>Chemical Guys AIR_101_16 New Car Smell Premium Air Freshener and Odor Eliminator, Long-Lasting Scent, Great for Cars, Trucks, SUVs, RVs & More, 16 fl oz</p><p>$10.99 ($0.69 / Fl Oz)</p><a href="https://www.amazon.com/dp/B002J7VX4Y?tag=eloabder-20&linkCode=osi&th=1&psc=1">View Product</a></div><div class="product"><a href="https://www.amazon.com/dp/B077TPG55M?tag=eloabder-20&linkCode=osi&th=1&psc=1"><img src="https://m.media-amazon.com/images/I/51aYksYRthL._SL500_.jpg" alt="Product Image"></a><p>Chemical Guys CWS20264 Tough Mudder Foaming Truck, Off Road, ATV and RV Heavy Duty Wash Soap,(Works with Foam Cannons, Foam Guns or Bucket Washes), 64 fl oz (Half Gallon), Lemon Scent</p><p>$39.99 ($0.62 / Fl Oz)</p><a href="https://www.amazon.com/dp/B077TPG55M?tag=eloabder-20&linkCode=osi&th=1&psc=1">View Product</a></div><div class="product"><a href="https://www.amazon.com/dp/B00BJCAPEE?tag=eloabder-20&linkCode=osi&th=1&psc=1"><img src="https://m.media-amazon.com/images/I/416RIPKVW1L._SL500_.jpg" alt="Product Image"></a><p>Chemical Guys CWS_402 Mr. Pink Foaming Car Wash Soap (Works with Foam Cannons, Foam Guns or Bucket Washes) Safe for Cars, Trucks, Motorcycles, RVs & More, 128 fl oz, Candy Scent</p><p>$39.99 ($0.31 / Fl Oz)</p><a href="https://www.amazon.com/dp/B00BJCAPEE?tag=eloabder-20&linkCode=osi&th=1&psc=1">View Product</a></div><div class="product"><a href="https://www.amazon.com/dp/B01C6AISUK?tag=eloabder-20&linkCode=osi&th=1&psc=1"><img src="https://m.media-amazon.com/images/I/41FrDCDPB6S._SL500_.jpg" alt="Product Image"></a><p>Chemical Guys CLD_700_16 Mat Renew Rubber + Vinyl Floor Mat Cleaner And Protectant, Safe for Cars, Trucks, SUVs, Motorcycles, RVs & More, 16 fl oz</p><p>$10.99 ($0.69 / Fl Oz)</p><a href="https://www.amazon.com/dp/B01C6AISUK?tag=eloabder-20&linkCode=osi&th=1&psc=1">View Product</a></div><div class="product"><a href="https://www.amazon.com/dp/B01N76S0A7?tag=eloabder-20&linkCode=osi&th=1&psc=1"><img src="https://m.media-amazon.com/images/I/51jurhYPCgL._SL500_.jpg" alt="Product Image"></a><p>Chemical Guys HOL131 Premium Chenille Microfiber Car Wash Mop and Heavy Duty Extendable Pole Kit (Great for RVs, Trucks, SUVs, Jeeps & Large Vehicles), With Mr. Pink Foaming Car Wash Soap - 4 fl oz</p><p>$49.99</p><a href="https://www.amazon.com/dp/B01N76S0A7?tag=eloabder-20&linkCode=osi&th=1&psc=1">View Product</a></div><div class="product"><a href="https://www.amazon.com/dp/B009OTW646?tag=eloabder-20&linkCode=osi&th=1&psc=1"><img src="https://m.media-amazon.com/images/I/41lG36UqLBL._SL500_.jpg" alt="Product Image"></a><p>Chemical Guys CWS 110 Honeydew Snow Foam Car Wash Soap (Works with Foam Cannons, Guns or Bucket Washes) Safe for Trucks, Motorcycles, RVs & More, 128 fl oz (1 Gallon), Honeydew Scent</p><p>$39.99 ($0.31 / Fl Oz)</p><a href="https://www.amazon.com/dp/B009OTW646?tag=eloabder-20&linkCode=osi&th=1&psc=1">View Product</a></div><div class="product"><a href="https://www.amazon.com/dp/B08P54Z2C2?tag=eloabder-20&linkCode=osi&th=1&psc=1"><img src="https://m.media-amazon.com/images/I/41Ra65iS2OL._SL500_.jpg" alt="Product Image"></a><p>Chemical Guys WAC23316 HydroSpeed Ceramic Quick Detailer, Safe for Cars, Trucks, SUVs, Motorcycles, RVs & More, 16 fl oz</p><p>$24.99</p><a href="https://www.amazon.com/dp/B08P54Z2C2?tag=eloabder-20&linkCode=osi&th=1&psc=1">View Product</a></div>
<div class="product"><a href="https://www.amazon.com/dp/B0C7WLPQC7?tag=eloabder-20&linkCode=osi&th=1&psc=1"><img src="https://m.media-amazon.com/images/I/41hJeSxsSWL._SL500_.jpg" alt="Product Image"></a><p>Detail King Car Odor Removal - Chlorine Dioxide Cup - Extreme Odor Eliminator For Car - Safe And Easy To Use (3 Oz (Pack of 1) - Plastic)</p><p>$24.95 ($8.32 / Ounce)</p><a href="https://www.amazon.com/dp/B0C7WLPQC7?tag=eloabder-20&linkCode=osi&th=1&psc=1">View Product</a></div>

<div class="product"><a href="https://www.amazon.com/dp/B0052XFWCG?tag=eloabder-20&linkCode=osi&th=1&psc=1"><img src="https://m.media-amazon.com/images/I/41qajeJVXLL._SL500_.jpg" alt="Product Image"></a><p>Hot Shot's Secret HSS64Z Original Stiction Eliminator 64 Fluid Ounce Bottle, Green</p><p>$53.45 ($0.84 / Fl Oz)</p><a href="https://www.amazon.com/dp/B0052XFWCG?tag=eloabder-20&linkCode=osi&th=1&psc=1">View Product</a></div><div class="product"><a href="https://www.amazon.com/dp/B009M64CAW?tag=eloabder-20&linkCode=osi&th=1&psc=1"><img src="https://m.media-amazon.com/images/I/417D8X0nkBL._SL500_.jpg" alt="Product Image"></a><p>Lucas Oil 10679 Hot Rod & Classic Car SAE 10W-30 Motor Oil - 5 Quart</p><p>$38.50 ($0.24 / Fl Oz)</p><a href="https://www.amazon.com/dp/B009M64CAW?tag=eloabder-20&linkCode=osi&th=1&psc=1">View Product</a></div><div class="product"><a href="https://www.amazon.com/dp/B01L9ARY9O?tag=eloabder-20&linkCode=osi&th=1&psc=1"><img src="https://m.media-amazon.com/images/I/51yaZAYH75L._SL500_.jpg" alt="Product Image"></a><p>FPPF Chemical Co 00161 16 OZ HOT 4-in-1 Heating Oil Treatment (2 Bottles)</p><p>$26.42</p><a href="https://www.amazon.com/dp/B01L9ARY9O?tag=eloabder-20&linkCode=osi&th=1&psc=1">View Product</a></div><div class="product"><a href="https://www.amazon.com/dp/B009M64CUM?tag=eloabder-20&linkCode=osi&th=1&psc=1"><img src="https://m.media-amazon.com/images/I/41yiWaF8YQL._SL500_.jpg" alt="Product Image"></a><p>Lucas Oil 10683 Hot Rod & Classic Car SAE 10W-40 Motor Oil - 5 Quart</p><p>$43.24 ($0.27 / Fl Oz)</p><a href="https://www.amazon.com/dp/B009M64CUM?tag=eloabder-20&linkCode=osi&th=1&psc=1">View Product</a></div><div class="product"><a href="https://www.amazon.com/dp/B0973HNRH9?tag=eloabder-20&linkCode=osi&th=1&psc=1"><img src="https://m.media-amazon.com/images/I/41kyGGJa--L._SL500_.jpg" alt="Product Image"></a><p>Hot Shot's Secret FR3 Friction Reducer 64 Fluid Ounce 2 Quarts, Light Yellow Liquid, (HSSFR364Z)</p><p>$59.73 ($0.93 / Fl Oz)</p><a href="https://www.amazon.com/dp/B0973HNRH9?tag=eloabder-20&linkCode=osi&th=1&psc=1">View Product</a></div><div class="product"><a href="https://www.amazon.com/dp/B082YFQQ25?tag=eloabder-20&linkCode=osi&th=1&psc=1"><img src="https://m.media-amazon.com/images/I/511PTX7LlZL._SL500_.jpg" alt="Product Image"></a><p>Hot Shot's Secret Green Diamond 100 Percent Synthetic 15W40 Oil Diesel 1 Gallon</p><p>$39.99 ($0.31 / Fl Oz)</p><a href="https://www.amazon.com/dp/B082YFQQ25?tag=eloabder-20&linkCode=osi&th=1&psc=1">View Product</a></div>















<div class="product"><a href="https://www.amazon.com/dp/B08PTMXCJL?tag=eloabder-20&linkCode=osi&th=1&psc=1"><img src="https://m.media-amazon.com/images/I/410eJv-7UHL._SL500_.jpg" alt="Product Image"></a><p>Moly Grease | 3% Molybdenum Disulfide | Fifth Wheel | 5th | Automotive | Tractor | Axle | Spline | CV Joint | Lithium EP Grease | High Temp | 35 LB Pail Bucket | Black Moly | NLGI 2 | HeavyDuty Moly</p><p>$174.99 ($0.31 / Ounce)</p><a href="https://www.amazon.com/dp/B08PTMXCJL?tag=eloabder-20&linkCode=osi&th=1&psc=1">View Product</a></div><div class="product"><a href="https://www.amazon.com/dp/B08PTHJTK5?tag=eloabder-20&linkCode=osi&th=1&psc=1"><img src="https://m.media-amazon.com/images/I/41VdMjJ38aL._SL500_.jpg" alt="Product Image"></a><p>Wheel Bearing Grease Pail | Lithium Complex | High Temp EP | CV Joint | Axle | Automotive | Tractor | Truck | Ball Joint | Marine Boat | Gear | Heavy Duty | Blue | 35 LB Bucket | NLGI 2 | MultiPurpose</p><p>$167.99 ($0.30 / Ounce)</p><a href="https://www.amazon.com/dp/B08PTHJTK5?tag=eloabder-20&linkCode=osi&th=1&psc=1">View Product</a></div><div class="product"><a href="https://www.amazon.com/dp/B0013J1UA6?tag=eloabder-20&linkCode=osi&th=1&psc=1"><img src="https://m.media-amazon.com/images/I/41G0Fkf7KnL._SL500_.jpg" alt="Product Image"></a><p>CRC Food Grade Chain Lube 03055 – 12 Wt. Oz. Aerosol, NSF H1 Gear, Chain, and Wire Lubricant</p><p>$19.25 ($1.60 / Ounce)</p><a href="https://www.amazon.com/dp/B0013J1UA6?tag=eloabder-20&linkCode=osi&th=1&psc=1">View Product</a></div>





<div class="product"><a href="https://www.amazon.com/dp/B08GQ9G2V5?tag=eloabder-20&linkCode=osi&th=1&psc=1"><img src="https://m.media-amazon.com/images/I/511+rapOlWL._SL500_.jpg" alt="Product Image"></a><p>Armor All Car Air Freshener and Purifier, Car Odor Eliminator, 1.5 Ounce (Pack of 3)</p><p>$21.21 ($4.71 / Ounce)</p><a href="https://www.amazon.com/dp/B08GQ9G2V5?tag=eloabder-20&linkCode=osi&th=1&psc=1">View Product</a></div>







<div class="product"><a href="https://www.amazon.com/dp/B001229JCU?tag=eloabder-20&linkCode=osi&th=1&psc=1"><img src="https://m.media-amazon.com/images/I/31W6FuKPMcL._SL500_.jpg" alt="Product Image"></a><p>First Alert EZ Fire Spray, Extinguishing Aerosol Spray, AF400 Red 18 Ounce (Pack of 1)</p><p>$12.49</p><a href="https://www.amazon.com/dp/B001229JCU?tag=eloabder-20&linkCode=osi&th=1&psc=1">View Product</a></div><div class="product"><a href="https://www.amazon.com/dp/B002U0KGDY?tag=eloabder-20&linkCode=osi&th=1&psc=1"><img src="https://m.media-amazon.com/images/I/51p6R+mcRhL._SL500_.jpg" alt="Product Image"></a><p>First Alert EZ Fire Spray, Extinguishing Aerosol Spray, Pack of 2, AF400-2, RED</p><p>$27.02</p><a href="https://www.amazon.com/dp/B002U0KGDY?tag=eloabder-20&linkCode=osi&th=1&psc=1">View Product</a></div>
<div class="product"><a href="https://www.amazon.com/dp/B0088LVBUQ?tag=eloabder-20&linkCode=osi&th=1&psc=1"><img src="https://m.media-amazon.com/images/I/31h7l-l6u2L._SL500_.jpg" alt="Product Image"></a><p>Seymour EN-59 Hi-Tech Engine Spray Paint, General Motors Red</p><p>$9.08 ($0.76 / Ounce)</p><a href="https://www.amazon.com/dp/B0088LVBUQ?tag=eloabder-20&linkCode=osi&th=1&psc=1">View Product</a></div>




<div class="product"><a href="https://www.amazon.com/dp/B000HBNU9K?tag=eloabder-20&linkCode=osi&th=1&psc=1"><img src="https://m.media-amazon.com/images/I/41URzfKaVsL._SL500_.jpg" alt="Product Image"></a><p>Permatex 27828 Body Shop Heavy Duty Headliner Adhesive, High-Strength Spray Adhesive, Repair Detached Or Loose Interior Parts, Dries Clear, Aerosol Can, 16.75 Oz</p><p>$17.05 ($1.02 / Ounce)</p><a href="https://www.amazon.com/dp/B000HBNU9K?tag=eloabder-20&linkCode=osi&th=1&psc=1">View Product</a></div><div class="product"><a href="https://www.amazon.com/dp/B001VXXEXU?tag=eloabder-20&linkCode=osi&th=1&psc=1"><img src="https://m.media-amazon.com/images/I/5112onMwzaL._SL500_.jpg" alt="Product Image"></a><p>Vibra-TITE 213 Red VC-3 Original Threadmate, 250ml Can</p><p>$99.19</p><a href="https://www.amazon.com/dp/B001VXXEXU?tag=eloabder-20&linkCode=osi&th=1&psc=1">View Product</a></div><div class="product"><a href="https://www.amazon.com/dp/B0CWPSLTR1?tag=eloabder-20&linkCode=osi&th=1&psc=1"><img src="https://m.media-amazon.com/images/I/31ytleZjjaL._SL500_.jpg" alt="Product Image"></a><p>P & S PROFESSIONAL DETAIL PRODUCTS - Terminator Enzyme Spot and Stain Remover - Perfect for Deodorizing, Removing Embedded Soils, Grease, Dirt, and Protein-Based Stains; Fresh Scent (1 Quart)</p><p>$25.95 ($0.81 / Fl Oz)</p><a href="https://www.amazon.com/dp/B0CWPSLTR1?tag=eloabder-20&linkCode=osi&th=1&psc=1">View Product</a></div><div class="product"><a href="https://www.amazon.com/dp/B07GFNQL9H?tag=eloabder-20&linkCode=osi&th=1&psc=1"><img src="https://m.media-amazon.com/images/I/41AA3Nbt8OL._SL500_.jpg" alt="Product Image"></a><p>Gunk FEB1 Foamy Engine Brite Engine Cleaner - 17oz. 2 Pack</p><p>$17.95 ($0.53 / Ounce)</p><a href="https://www.amazon.com/dp/B07GFNQL9H?tag=eloabder-20&linkCode=osi&th=1&psc=1">View Product</a></div>



<div class="product"><a href="https://www.amazon.com/dp/B003SKCARK?tag=eloabder-20&linkCode=osi&th=1&psc=1"><img src="https://m.media-amazon.com/images/I/41rvU5irgRL._SL500_.jpg" alt="Product Image"></a><p>Obenauf's Heavy Duty LP Leather Preservative (4oz)- All Natural Beeswax Oil Conditioner- Rejuvenate Restore & Preserve Sunfaded or Cracked Boots Jackets Saddles Car Auto Upholstery Furniture- USA Made</p><p>$15.99</p><a href="https://www.amazon.com/dp/B003SKCARK?tag=eloabder-20&linkCode=osi&th=1&psc=1">View Product</a></div>
Aucun résultat trouvé.

<div class="product"><a href="https://www.amazon.com/dp/B0CLWDDWHX?tag=eloabder-20&linkCode=osi&th=1&psc=1"><img src="https://m.media-amazon.com/images/I/51HPMtia03L._SL500_.jpg" alt="Product Image"></a><p>Fire Fix Fire Extinguisher for Home 5-Pack | Made in USA | Emergency Fire Spray Foam for Apartment, Boat, Camping, Car, House, Kitchen & Vehicle | Safety & Survival | Compact, Small, Safe & Easy Use</p><p>$56.95</p><a href="https://www.amazon.com/dp/B0CLWDDWHX?tag=eloabder-20&linkCode=osi&th=1&psc=1">View Product</a></div><div class="product"><a href="https://www.amazon.com/dp/B0CKZF9H3D?tag=eloabder-20&linkCode=osi&th=1&psc=1"><img src="https://m.media-amazon.com/images/I/41+Q4YdByuL._SL500_.jpg" alt="Product Image"></a><p>Firexo All Fires Fire Extinguisher - Multipurpose Mini Aerosol - Pack of 6 - Home, Kitchen, Car, Garage, Boat, Caravan, Camping Household, ABC, Vehicle, Compact, RV, Emergency Equipment (0.1 Gal)</p><p>$139.99</p><a href="https://www.amazon.com/dp/B0CKZF9H3D?tag=eloabder-20&linkCode=osi&th=1&psc=1">View Product</a></div>
Aucun résultat trouvé.
Aucun résultat trouvé.






<div class="product"><a href="https://www.amazon.com/dp/B00FOKOKMU?tag=eloabder-20&linkCode=osi&th=1&psc=1"><img src="https://m.media-amazon.com/images/I/41KsUW-6WOL._SL500_.jpg" alt="Product Image"></a><p>The Original Leather Recoloring Balm by Furniture Clinic - 16 Colors - Leather Repair Kit for Furniture - Restore Couches, Car Seats & More - Leather Dye for Scratched and Faded Leather (Beige)</p><p>$29.95</p><a href="https://www.amazon.com/dp/B00FOKOKMU?tag=eloabder-20&linkCode=osi&th=1&psc=1">View Product</a></div>


<div class="product"><a href="https://www.amazon.com/dp/B0BQX6CPLS?tag=eloabder-20&linkCode=osi&th=1&psc=1"><img src="https://m.media-amazon.com/images/I/51OtuHOIJpL._SL500_.jpg" alt="Product Image"></a><p>Dry Stop Fire Spray by Prepared Hero - 8 Pack - Portable Fire Extinguisher for Home, Car, Garage, Kitchen - Works on Electrical, Grease, Battery Fires & More - Compact, Easy to Use</p><p>$143.99</p><a href="https://www.amazon.com/dp/B0BQX6CPLS?tag=eloabder-20&linkCode=osi&th=1&psc=1">View Product</a></div><div class="product"><a href="https://www.amazon.com/dp/B0BQX76B9K?tag=eloabder-20&linkCode=osi&th=1&psc=1"><img src="https://m.media-amazon.com/images/I/51iHCSuHw5L._SL500_.jpg" alt="Product Image"></a><p>Vapor Clean Fire Spray by Prepared Hero - 8 Pack - Portable Fire Extinguisher for Home, Car, Garage, Kitchen - Works on Electrical, Grease, Battery Fires & More - Compact, Easy to Use</p><p>$143.99</p><a href="https://www.amazon.com/dp/B0BQX76B9K?tag=eloabder-20&linkCode=osi&th=1&psc=1">View Product</a></div><div class="product"><a href="https://www.amazon.com/dp/B0C32NVZJZ?tag=eloabder-20&linkCode=osi&th=1&psc=1"><img src="https://m.media-amazon.com/images/I/61coxTM3mSL._SL500_.jpg" alt="Product Image"></a><p>Houandg Water-Based Fire Extinguisher- 2 Pack Portable Solution for All Fire Types in Homes, Vehicles, Kitchens - Prevents Re-Ignition</p><p>$33.98</p><a href="https://www.amazon.com/dp/B0C32NVZJZ?tag=eloabder-20&linkCode=osi&th=1&psc=1">View Product</a></div>
<div class="product"><a href="https://www.amazon.com/dp/B00L3W1OAO?tag=eloabder-20&linkCode=osi&th=1&psc=1"><img src="https://m.media-amazon.com/images/I/414uILMLuaL._SL500_.jpg" alt="Product Image"></a><p>Pro F/X Rubber Mask Grease Wheel - 1 Ounce - Trauma</p><p>$27.01</p><a href="https://www.amazon.com/dp/B00L3W1OAO?tag=eloabder-20&linkCode=osi&th=1&psc=1">View Product</a></div>
<div class="product"><a href="https://www.amazon.com/dp/B0CZ16SHCH?tag=eloabder-20&linkCode=osi&th=1&psc=1"><img src="https://m.media-amazon.com/images/I/31pYxaz4gYL._SL500_.jpg" alt="Product Image"></a><p>P & S PROFESSIONAL DETAIL PRODUCTS - Rehab - Paint Correction Creme Safe for All Paint Types and with Multiple pad Types - Easy-to-use-Formula Works at Any Stage of Paint Correction - 1 Quart</p><p>$56.95</p><a href="https://www.amazon.com/dp/B0CZ16SHCH?tag=eloabder-20&linkCode=osi&th=1&psc=1">View Product</a></div><div class="product"><a href="https://www.amazon.com/dp/B082BG8HLX?tag=eloabder-20&linkCode=osi&th=1&psc=1"><img src="https://m.media-amazon.com/images/I/31OAXbv7QFL._SL500_.jpg" alt="Product Image"></a><p>Lithium Auto Elixirs Color Crush- A rather intense approach to an Instant Detailer, Infused with color enhancing technology - Extremely Hydrophobic ingredients, long lasting Instant Detailer</p><p>$19.95 ($1.25 / Fl Oz)</p><a href="https://www.amazon.com/dp/B082BG8HLX?tag=eloabder-20&linkCode=osi&th=1&psc=1">View Product</a></div><div class="product"><a href="https://www.amazon.com/dp/B07MTPWZ76?tag=eloabder-20&linkCode=osi&th=1&psc=1"><img src="https://m.media-amazon.com/images/I/41v5yubrqoL._SL500_.jpg" alt="Product Image"></a><p>Lithium Seal and Squeal Paint Sealant/Polish - Incredible Shine and Lasting Protection - Curable Amino Functional Polymers Fused with Si02 Ceramic Nano Technology -Lasts for up to 12 Months (16 oz)</p><p>$39.99 ($2.50 / Ounce)</p><a href="https://www.amazon.com/dp/B07MTPWZ76?tag=eloabder-20&linkCode=osi&th=1&psc=1">View Product</a></div><div class="product"><a href="https://www.amazon.com/dp/B07MVNX377?tag=eloabder-20&linkCode=osi&th=1&psc=1"><img src="https://m.media-amazon.com/images/I/31gEqFf7rhL._SL500_.jpg" alt="Product Image"></a><p>Leather Love - The Best Leather Conditioner On The Planet, Brings Old Leather Back To Life, All Natural Ingredients Mixed With Serious Science, Restores, Rehydrates, Protects (8oz)</p><p>$28.99 ($3.62 / Ounce)</p><a href="https://www.amazon.com/dp/B07MVNX377?tag=eloabder-20&linkCode=osi&th=1&psc=1">View Product</a></div><div class="product"><a href="https://www.amazon.com/dp/B07MTQP514?tag=eloabder-20&linkCode=osi&th=1&psc=1"><img src="https://m.media-amazon.com/images/I/311IYwH-oaL._SL500_.jpg" alt="Product Image"></a><p>Trim Serum- Plastic Restorer- Restores Even the Most Damaged Plastic, Rubber and Vinyl, Last For Months, Penetrates Plastic Pores Restoring Color. (16 Oz)</p><p>$36.99</p><a href="https://www.amazon.com/dp/B07MTQP514?tag=eloabder-20&linkCode=osi&th=1&psc=1">View Product</a></div><div class="product"><a href="https://www.amazon.com/dp/B07236X7TS?tag=eloabder-20&linkCode=osi&th=1&psc=1"><img src="https://m.media-amazon.com/images/I/51-mgxYD9kL._SL500_.jpg" alt="Product Image"></a><p>Skidmore's Biker Edition Leather Cream | All Natural Formula Cleans, Conditions, and Protects your Motorcycle | Made in USA</p><p>$44.98</p><a href="https://www.amazon.com/dp/B07236X7TS?tag=eloabder-20&linkCode=osi&th=1&psc=1">View Product</a></div><div class="product"><a href="https://www.amazon.com/dp/B001CS6HH4?tag=eloabder-20&linkCode=osi&th=1&psc=1"><img src="https://m.media-amazon.com/images/I/41wY0SB+DWL._SL500_.jpg" alt="Product Image"></a><p>Fiebing's Yellow Saddle Soap for Leather (3.5 oz Tin) - Leather Cleaner & Conditioner to Soften, Protect & Restore Leathercraft - Leather Soap for Car Seat, Couch, Shoe, Purse, Boot, Bag, & Saddles</p><p>$7.15 ($2.04 / Ounce)</p><a href="https://www.amazon.com/dp/B001CS6HH4?tag=eloabder-20&linkCode=osi&th=1&psc=1">View Product</a></div><div class="product"><a href="https://www.amazon.com/dp/B08RHZ1BKD?tag=eloabder-20&linkCode=osi&th=1&psc=1"><img src="https://m.media-amazon.com/images/I/21WKh31c4tL._SL500_.jpg" alt="Product Image"></a><p>Lithium Ignite After Wash - Conditions and Shines Surfaces as You Dry. Streak-Free Hydrophobic Formula adds Lubrication to Stop Micro Scratching While Surfaces pop with Color.</p><p>$21.99 ($1.37 / Fl Oz)</p><a href="https://www.amazon.com/dp/B08RHZ1BKD?tag=eloabder-20&linkCode=osi&th=1&psc=1">View Product</a></div><div class="product"><a href="https://www.amazon.com/dp/B0003A1T3E?tag=eloabder-20&linkCode=osi&th=1&psc=1"><img src="https://m.media-amazon.com/images/I/41042PKJ1ZL._SL500_.jpg" alt="Product Image"></a><p>URAD One step All-In-One Leather conditioner 140g - NEUTRAL</p><p>$16.13</p><a href="https://www.amazon.com/dp/B0003A1T3E?tag=eloabder-20&linkCode=osi&th=1&psc=1">View Product</a></div>

<div class="product"><a href="https://www.amazon.com/dp/B0B3NFH3QY?tag=eloabder-20&linkCode=osi&th=1&psc=1"><img src="https://m.media-amazon.com/images/I/51sKVZnP-WL._SL500_.jpg" alt="Product Image"></a><p>Little Joe 96427-6PK I Love Hockey New Car Scent Red Car Air Freshener A/C Vent Clip Uses Alcohol-Free Fragrance Oil is Non-Hazardous and Non-Toxic Plastic, Pack of 6</p><p>$21.99 ($3.66 / Count)</p><a href="https://www.amazon.com/dp/B0B3NFH3QY?tag=eloabder-20&linkCode=osi&th=1&psc=1">View Product</a></div><div class="product"><a href="https://www.amazon.com/dp/B072275K82?tag=eloabder-20&linkCode=osi&th=1&psc=1"><img src="https://m.media-amazon.com/images/I/41wDnF6SiAL._SL500_.jpg" alt="Product Image"></a><p>Little Joe 96404-6PK Fruit Scent, Car Air Freshener, Clips to A/C Air Vent, Alcohol-Free Fragrance Oil, Non-Hazardous and Non-Toxic Plastic, Set of 6</p><p>$16.60 ($2.77 / Count)</p><a href="https://www.amazon.com/dp/B072275K82?tag=eloabder-20&linkCode=osi&th=1&psc=1">View Product</a></div><div class="product"><a href="https://www.amazon.com/dp/B0CQPQ2S4W?tag=eloabder-20&linkCode=osi&th=1&psc=1"><img src="https://m.media-amazon.com/images/I/31iRknmvjeL._SL500_.jpg" alt="Product Image"></a><p>Little Pup 96613 Blue Raspberry Slushy Scent Car Air Freshener A/C Vent Clip Uses Alcohol-Free Fragrance Oil is Non Hazardous and Non Toxic, Pack of 1</p><p>$3.94</p><a href="https://www.amazon.com/dp/B0CQPQ2S4W?tag=eloabder-20&linkCode=osi&th=1&psc=1">View Product</a></div><div class="product"><a href="https://www.amazon.com/dp/B0CQPNMTM4?tag=eloabder-20&linkCode=osi&th=1&psc=1"><img src="https://m.media-amazon.com/images/I/41eEovL+zML._SL500_.jpg" alt="Product Image"></a><p>Little Joe 96414-6PK Orange Creamsicle Scent Car Air Freshener A/C Vent Clip Uses Alcohol-Free Fragrance Oil is Non-Hazardous and Non-Toxic Plastic, Pack of 6</p><p>$25.99 ($4.33 / Count)</p><a href="https://www.amazon.com/dp/B0CQPNMTM4?tag=eloabder-20&linkCode=osi&th=1&psc=1">View Product</a></div><div class="product"><a href="https://www.amazon.com/dp/B0CH9KNNZN?tag=eloabder-20&linkCode=osi&th=1&psc=1"><img src="https://m.media-amazon.com/images/I/41jX66PGMTL._SL500_.jpg" alt="Product Image"></a><p>TAKAVU Clay Bars Auto Detailing 2 Pack X 100g, Premium Grade Material, Magic Clay Bar Cleaner for Cars, RV, Boat and Bus (Grey)</p><p>$9.99</p><a href="https://www.amazon.com/dp/B0CH9KNNZN?tag=eloabder-20&linkCode=osi&th=1&psc=1">View Product</a></div>

<div class="product"><a href="https://www.amazon.com/dp/B004UM6DLE?tag=eloabder-20&linkCode=osi&th=1&psc=1"><img src="https://m.media-amazon.com/images/I/314nawyx6sL._SL500_.jpg" alt="Product Image"></a><p>CARPRO IronX Iron Remover: Stops Rust Spots and Pre-Mature Failure of The Clear Coat, Iron Contaminant Removal - 500mL with Sprayer (17oz)</p><p>$26.78</p><a href="https://www.amazon.com/dp/B004UM6DLE?tag=eloabder-20&linkCode=osi&th=1&psc=1">View Product</a></div><div class="product"><a href="https://www.amazon.com/dp/B01HXZXO98?tag=eloabder-20&linkCode=osi&th=1&psc=1"><img src="https://m.media-amazon.com/images/I/41Ne9OfQGzL._SL500_.jpg" alt="Product Image"></a><p>Chemical Guys CWS80316 Clean Slate Deep Surface Cleaning Car Wash Soap (Removes Old Car Waxes, Glazes & Sealants for Superior Surface Prep), 16 fl oz, Citrus Scent</p><p>$11.99 ($0.75 / Fl Oz)</p><a href="https://www.amazon.com/dp/B01HXZXO98?tag=eloabder-20&linkCode=osi&th=1&psc=1">View Product</a></div><div class="product"><a href="https://www.amazon.com/dp/B07C39H9YX?tag=eloabder-20&linkCode=osi&th=1&psc=1"><img src="https://m.media-amazon.com/images/I/31yK3Vb5xWL._SL500_.jpg" alt="Product Image"></a><p>Adam's Polishes Iron Remover (16oz) - Iron Out Fallout Rust Remover Spray for Car Detailing | Remove Iron Particles in Car Paint, Motorcycle, RV & Boat | Use Before Clay Bar, Car Wax or Car Wash</p><p>$16.99</p><a href="https://www.amazon.com/dp/B07C39H9YX?tag=eloabder-20&linkCode=osi&th=1&psc=1">View Product</a></div><div class="product"><a href="https://www.amazon.com/dp/B0BTJ9DJM5?tag=eloabder-20&linkCode=osi&th=1&psc=1"><img src="https://m.media-amazon.com/images/I/41tNMqlDrxL._SL500_.jpg" alt="Product Image"></a><p>Torque Detail Decon Wash Pack - Decontamination Soap 8oz + Wash Mitt - Surface Strip Wash Car Shampoo - Highly Absorbent Microfiber Chenille Car Wash Mitt Safely Cleans Your Vehicles Entire Surface</p><p>$24.95 ($3.12 / Fl Oz)</p><a href="https://www.amazon.com/dp/B0BTJ9DJM5?tag=eloabder-20&linkCode=osi&th=1&psc=1">View Product</a></div><div class="product"><a href="https://www.amazon.com/dp/B013K5V9PQ?tag=eloabder-20&linkCode=osi&th=1&psc=1"><img src="https://m.media-amazon.com/images/I/41V3rm6NlZL._SL500_.jpg" alt="Product Image"></a><p>CARPRO PolyShave Decon Towel - Car Detailing Clay Decontamination Faster than Clay Bar, Clean & Release of Paint Contaminants and Glass - Increase Wax and Sealant Bond - 12" x 12" (1 Pack)</p><p>$39.97</p><a href="https://www.amazon.com/dp/B013K5V9PQ?tag=eloabder-20&linkCode=osi&th=1&psc=1">View Product</a></div><div class="product"><a href="https://www.amazon.com/dp/B0B788NBWG?tag=eloabder-20&linkCode=osi&th=1&psc=1"><img src="https://m.media-amazon.com/images/I/51NDfAOuEmL._SL500_.jpg" alt="Product Image"></a><p>P & S Professional Detail Products - Clay Decontamination Towel - Effective Cleaning & Release of Paint Contaminants; Increase Wax & Sealant Bond; Enhance Gloss & Depth of Color; Fine Grade-12" x 12"</p><p>$34.95</p><a href="https://www.amazon.com/dp/B0B788NBWG?tag=eloabder-20&linkCode=osi&th=1&psc=1">View Product</a></div><div class="product"><a href="https://www.amazon.com/dp/B0B27TFK69?tag=eloabder-20&linkCode=osi&th=1&psc=1"><img src="https://m.media-amazon.com/images/I/41zJPQIcqeL._SL500_.jpg" alt="Product Image"></a><p>The Rag Company - Ultra Clay Decontamination Mitt - Easy to Use; Effective Cleaning & Release of Paint Contaminants; Increase Wax & Sealant Bond; Enhance Gloss &Color Depth; Fine Grade (8.7"x5.7")</p><p>$34.95</p><a href="https://www.amazon.com/dp/B0B27TFK69?tag=eloabder-20&linkCode=osi&th=1&psc=1">View Product</a></div><div class="product"><a href="https://www.amazon.com/dp/B0C6XBN14N?tag=eloabder-20&linkCode=osi&th=1&psc=1"><img src="https://m.media-amazon.com/images/I/31BSavOJ89L._SL500_.jpg" alt="Product Image"></a><p>3D Iron Remover GLW Series | DIY Car Detailing | Hyper Effective Wheel Decontamination | Removes Iron Particles, Dirt, Brake Dust | Rapid Results | Ultimate Iron & Surface Contaminate Eliminator, 16oz</p><p>$17.99</p><a href="https://www.amazon.com/dp/B0C6XBN14N?tag=eloabder-20&linkCode=osi&th=1&psc=1">View Product</a></div>







<div class="product"><a href="https://www.amazon.com/dp/B0D2SPCW3G?tag=eloabder-20&linkCode=osi&th=1&psc=1"><img src="https://m.media-amazon.com/images/I/41JYIg6xqqL._SL500_.jpg" alt="Product Image"></a><p>Crankcase Ventilation Oil Separator with Gasket Compatible for 2008-2014 Volvo Mack D13 D16 MP8 Engine Replace 21122541 20499419</p><p>$155.99</p><a href="https://www.amazon.com/dp/B0D2SPCW3G?tag=eloabder-20&linkCode=osi&th=1&psc=1">View Product</a></div>

<div class="product"><a href="https://www.amazon.com/dp/B0C6M2FHGX?tag=eloabder-20&linkCode=osi&th=1&psc=1"><img src="https://m.media-amazon.com/images/I/21wWRrpHdbL._SL500_.jpg" alt="Product Image"></a><p>eMagTech 9PCS Warning Sign Please No Smoking Vaping Food Drink Stickers 110x50mm Self-Adhesive Vinyl Window Decal for Car Taxis Buses Minibuses</p><p>$9.49</p><a href="https://www.amazon.com/dp/B0C6M2FHGX?tag=eloabder-20&linkCode=osi&th=1&psc=1">View Product</a></div>

Aucun résultat trouvé.

<div class="product"><a href="https://www.amazon.com/dp/B0CVWZZMRY?tag=eloabder-20&linkCode=osi&th=1&psc=1"><img src="https://m.media-amazon.com/images/I/512y-1GwQNL._SL500_.jpg" alt="Product Image"></a><p>Jewkot 4 PCS Car Wiper Strip, 28" Boneless Structure Car Windshield Cleaning Wiper Strip, DIY Length Auxiliary Cleaning Replacement Accessory, Suitable for Most Cars, Vans, Trucks, Buses (Black)</p><p>$5.58</p><a href="https://www.amazon.com/dp/B0CVWZZMRY?tag=eloabder-20&linkCode=osi&th=1&psc=1">View Product</a></div>
<div class="product"><a href="https://www.amazon.com/dp/B07L3VQC6W?tag=eloabder-20&linkCode=osi&th=1&psc=1"><img src="https://m.media-amazon.com/images/I/41GebP+2HYL._SL500_.jpg" alt="Product Image"></a><p>BRISA VW Collection Volkswagen Air Freshener, Room Freshener, Deodorizer for Cars T1 Bus Campervan Motif (Citrus/Yellow/Set of 2)</p><p>$13.90 ($6.95 / Count)</p><a href="https://www.amazon.com/dp/B07L3VQC6W?tag=eloabder-20&linkCode=osi&th=1&psc=1">View Product</a></div><div class="product"><a href="https://www.amazon.com/dp/B07L3V86JS?tag=eloabder-20&linkCode=osi&th=1&psc=1"><img src="https://m.media-amazon.com/images/I/41TblWhKhQL._SL500_.jpg" alt="Product Image"></a><p>BRISA VW Collection Volkswagen Air Freshener, Room Freshener, Deodorizer for Cars T1 Bus Campervan Motif (New Car/Green/Set of 2)</p><p>$13.90 ($6.95 / Count)</p><a href="https://www.amazon.com/dp/B07L3V86JS?tag=eloabder-20&linkCode=osi&th=1&psc=1">View Product</a></div>


Aucun résultat trouvé.










<div class="product"><a href="https://www.amazon.com/dp/B099HL5SV2?tag=eloabder-20&linkCode=osi&th=1&psc=1"><img src="https://m.media-amazon.com/images/I/31kcR8HnylL._SL500_.jpg" alt="Product Image"></a><p>Philips GoPure GP5212 High Performance HEPA Air Purifier for Car, Removes up to 100 Pollutants, Exhaust Fumes, VOCs, Smoke, Bad Odors, Bacteria and Viruses</p><p>$77.59</p><a href="https://www.amazon.com/dp/B099HL5SV2?tag=eloabder-20&linkCode=osi&th=1&psc=1">View Product</a></div><div class="product"><a href="https://www.amazon.com/dp/B07TB419F7?tag=eloabder-20&linkCode=osi&th=1&psc=1"><img src="https://m.media-amazon.com/images/I/41l9XK-u-eL._SL500_.jpg" alt="Product Image"></a><p>Enoch Ionic Car Air Purifier with Dual USB Car Charger. Car Air Freshener Eliminates Odor, Dust. Removes Smoke, Pet and Food Odor. Ionic Ozone Car Deodorizer (Matt Black)</p><p>$24.50</p><a href="https://www.amazon.com/dp/B07TB419F7?tag=eloabder-20&linkCode=osi&th=1&psc=1">View Product</a></div><div class="product"><a href="https://www.amazon.com/dp/B08C9LKKMM?tag=eloabder-20&linkCode=osi&th=1&psc=1"><img src="https://m.media-amazon.com/images/I/41uJDRzxfrL._SL500_.jpg" alt="Product Image"></a><p>4WDKING Car Air Purifier Ionizer, 12V Plug-in Car Air Freshener Gadgets with Dual USB Charger Removes Cigarette Smoke, Pet and Food Odor, Ionic Ozone (Black)</p><p>$22.99</p><a href="https://www.amazon.com/dp/B08C9LKKMM?tag=eloabder-20&linkCode=osi&th=1&psc=1">View Product</a></div><div class="product"><a href="https://www.amazon.com/dp/B07C7D366L?tag=eloabder-20&linkCode=osi&th=1&psc=1"><img src="https://m.media-amazon.com/images/I/51GvjMcOskL._SL500_.jpg" alt="Product Image"></a><p>Car Air Purifier Ionizer - 12V Plug-in Ionic Anti-Microbial Car Deodorizer with Dual USB Charger - Smoke Smell, Pet and Food Odors, Allergens, Viruses Eliminator for Car (Matte Silver)</p><p>$24.99</p><a href="https://www.amazon.com/dp/B07C7D366L?tag=eloabder-20&linkCode=osi&th=1&psc=1">View Product</a></div><div class="product"><a href="https://www.amazon.com/dp/B086H3FW7T?tag=eloabder-20&linkCode=osi&th=1&psc=1"><img src="https://m.media-amazon.com/images/I/51FfQTz4koL._SL500_.jpg" alt="Product Image"></a><p>bmbu 1000g Large Bamboo Charcoal Air Purifier Bag - Car Deodorizer/Car Freshener - Remove Odor and Control Moisture in Your RV, Camper, SUV, Car, Truck, Closet, Mobile Home, Storage - Non Fragrant</p><p>$22.99 ($0.65 / Ounce)</p><a href="https://www.amazon.com/dp/B086H3FW7T?tag=eloabder-20&linkCode=osi&th=1&psc=1">View Product</a></div><div class="product"><a href="https://www.amazon.com/dp/B019NXUJ5K?tag=eloabder-20&linkCode=osi&th=1&psc=1"><img src="https://m.media-amazon.com/images/I/31grLw6pdUL._SL500_.jpg" alt="Product Image"></a><p>PURGGO Car Air Freshener - Lasts 365+ Days No Chemicals 100% Activated Bamboo Charcoal Fragrance-Free Deodorizer, Natural Auto Odor Eliminator, Purifier, Neutralizer, Absorb Smoke Smell</p><p>$25.99</p><a href="https://www.amazon.com/dp/B019NXUJ5K?tag=eloabder-20&linkCode=osi&th=1&psc=1">View Product</a></div><div class="product"><a href="https://www.amazon.com/dp/B0CT5TBKH5?tag=eloabder-20&linkCode=osi&th=1&psc=1"><img src="https://m.media-amazon.com/images/I/41UB7n6FuwL._SL500_.jpg" alt="Product Image"></a><p>Timgle 1 Pack Car Air Freshener, Lasts 365+ Days, No Chemicals 100% Activated Bamboo Charcoal Fragrance, Free Deodorizer, Natural Auto Odor Eliminator, Purifier, Neutralizer (Khaki Strap)</p><p>$10.99</p><a href="https://www.amazon.com/dp/B0CT5TBKH5?tag=eloabder-20&linkCode=osi&th=1&psc=1">View Product</a></div><div class="product"><a href="https://www.amazon.com/dp/B00V4049K2?tag=eloabder-20&linkCode=osi&th=1&psc=1"><img src="https://m.media-amazon.com/images/I/51rLLMGOc6L._SL500_.jpg" alt="Product Image"></a><p>PURGGO Car Air Freshener - Auto Odor Eliminator - 100% Activated Bamboo Charcoal Air Purifier, Ionizer - Absorb and Remove Smoke Smell - Fragrance-Free Deodorizer - Lasts 365+ Days [Classic Beige]</p><p>$25.99</p><a href="https://www.amazon.com/dp/B00V4049K2?tag=eloabder-20&linkCode=osi&th=1&psc=1">View Product</a></div>







<div class="product"><a href="https://www.amazon.com/dp/B0D464228M?tag=eloabder-20&linkCode=osi&th=1&psc=1"><img src="https://m.media-amazon.com/images/I/315VtBe9l-L._SL500_.jpg" alt="Product Image"></a><p>Drift Car Air Freshener - Wood Air Freshener - Car Odor Eliminator - Open Air Scent Starter Kit</p><p>$11.95</p><a href="https://www.amazon.com/dp/B0D464228M?tag=eloabder-20&linkCode=osi&th=1&psc=1">View Product</a></div>
<div class="product"><a href="https://www.amazon.com/dp/B071HR14SJ?tag=eloabder-20&linkCode=osi&th=1&psc=1"><img src="https://m.media-amazon.com/images/I/41crypCefDL._SL500_.jpg" alt="Product Image"></a><p>Meguiar's Gold Class Car Wash Soap, Ultra-Rich Car Wash Soap and Conditioner for Car Cleaning, Car Wash Soap to Clean and Condition in One Easy Step, 1 Gallon Car Wash Soap</p><p>$24.99 ($0.20 / Ounce)</p><a href="https://www.amazon.com/dp/B071HR14SJ?tag=eloabder-20&linkCode=osi&th=1&psc=1">View Product</a></div><div class="product"><a href="https://www.amazon.com/dp/B085R9L9Q9?tag=eloabder-20&linkCode=osi&th=1&psc=1"><img src="https://m.media-amazon.com/images/I/41tAv1FNbZL._SL500_.jpg" alt="Product Image"></a><p>Armor All Extreme Shield Protectant Spray , Interior Car Cleaner with UV Protection Against Cracking and Fading, 16 Fl Oz</p><p>$8.98 ($0.56 / Fl Oz)</p><a href="https://www.amazon.com/dp/B085R9L9Q9?tag=eloabder-20&linkCode=osi&th=1&psc=1">View Product</a></div><div class="product"><a href="https://www.amazon.com/dp/B016NA9Y4S?tag=eloabder-20&linkCode=osi&th=1&psc=1"><img src="https://m.media-amazon.com/images/I/31oz8VJFdjL._SL500_.jpg" alt="Product Image"></a><p>Rain-X 5079281-2 Latitude 2-In-1 Wiper Blades, 26 Inch Windshield Wipers (Pack Of 1), Automotive Replacement Windshield Wiper Blades With Patented Rain-X Water Repellency Formula</p><p>$17.08</p><a href="https://www.amazon.com/dp/B016NA9Y4S?tag=eloabder-20&linkCode=osi&th=1&psc=1">View Product</a></div><div class="product"><a href="https://www.amazon.com/dp/B0D2PCCJVK?tag=eloabder-20&linkCode=osi&th=1&psc=1"><img src="https://m.media-amazon.com/images/I/41BFT-c3a9L._SL500_.jpg" alt="Product Image"></a><p>HoogaLife Car Air Freshener Diffuser – Revitalize Your Drive with Hanging Air Freshener Diffuser Aromatic Bliss On The Go(VANILLA CREAM)</p><p>$12.99 ($24.06 / Fl Oz)</p><a href="https://www.amazon.com/dp/B0D2PCCJVK?tag=eloabder-20&linkCode=osi&th=1&psc=1">View Product</a></div><div class="product"><a href="https://www.amazon.com/dp/B0D17SKCLF?tag=eloabder-20&linkCode=osi&th=1&psc=1"><img src="https://m.media-amazon.com/images/I/51VjaK8JNmL._SL500_.jpg" alt="Product Image"></a><p>AIDEA Car Wash Mitt Microfiber, 1PK-Scratch-Free& Lint-Free, Premium Chenille Microfiber Wash Mitt-Green Regular Size (7.12''X10.14'')</p><p>$5.99</p><a href="https://www.amazon.com/dp/B0D17SKCLF?tag=eloabder-20&linkCode=osi&th=1&psc=1">View Product</a></div>








<div class="product"><a href="https://www.amazon.com/dp/B00UZE8D00?tag=eloabder-20&linkCode=osi&th=1&psc=1"><img src="https://m.media-amazon.com/images/I/517VVkgvgcL._SL500_.jpg" alt="Product Image"></a><p>Chemical Guys HOL_996 Convertible Top Cleaner and Protectant Kit, 16 oz, 2 Items</p><p>$29.99</p><a href="https://www.amazon.com/dp/B00UZE8D00?tag=eloabder-20&linkCode=osi&th=1&psc=1">View Product</a></div><div class="product"><a href="https://www.amazon.com/dp/B004HCS4NW?tag=eloabder-20&linkCode=osi&th=1&psc=1"><img src="https://m.media-amazon.com/images/I/41j5b6xRqNL._SL500_.jpg" alt="Product Image"></a><p>Meguiar's Convertible Top Cleaner - Fabric Convertible Top Cleaner and Vinyl Convertible Top Cleaner in One Advanced Formula - Safely Removes Stains, Mildew, Bird Droppings, and More, 16 Oz</p><p>$6.87 ($0.43 / Ounce)</p><a href="https://www.amazon.com/dp/B004HCS4NW?tag=eloabder-20&linkCode=osi&th=1&psc=1">View Product</a></div><div class="product"><a href="https://www.amazon.com/dp/B00UZE80N0?tag=eloabder-20&linkCode=osi&th=1&psc=1"><img src="https://m.media-amazon.com/images/I/31FG83SK9SL._SL500_.jpg" alt="Product Image"></a><p>Chemical Guys SPI_193_16 Convertible Top Protectant and Repellent, (Helps Prevent Fading & Discoloration on Fabric Sot Tops) 16 fl oz (Packaging May Vary)</p><p>$19.99 ($1.25 / Fl Oz)</p><a href="https://www.amazon.com/dp/B00UZE80N0?tag=eloabder-20&linkCode=osi&th=1&psc=1">View Product</a></div><div class="product"><a href="https://www.amazon.com/dp/B00UZE8C1A?tag=eloabder-20&linkCode=osi&th=1&psc=1"><img src="https://m.media-amazon.com/images/I/31aLnXKZxfL._SL500_.jpg" alt="Product Image"></a><p>Chemical Guys ACC_S94 Convertible Top Horse Hair Cleaning Brush, Safe for Cloth Soft Tops, Upholstery, Leather, Furniture, & More</p><p>$14.99</p><a href="https://www.amazon.com/dp/B00UZE8C1A?tag=eloabder-20&linkCode=osi&th=1&psc=1">View Product</a></div><div class="product"><a href="https://www.amazon.com/dp/B000A8JNF0?tag=eloabder-20&linkCode=osi&th=1&psc=1"><img src="https://m.media-amazon.com/images/I/51PLChiVIrL._SL500_.jpg" alt="Product Image"></a><p>303 Products Convertible Fabric Top Cleaning and Care Kit - Cleans And Protects Fabric Tops - Includes Tonneau Cover And Convertible Top Cleaner 16 fl. oz. + Fabric Guard, (30520)</p><p>$32.79 ($1.02 / Fl Oz)</p><a href="https://www.amazon.com/dp/B000A8JNF0?tag=eloabder-20&linkCode=osi&th=1&psc=1">View Product</a></div>
<div class="product"><a href="https://www.amazon.com/dp/B0BCQ1XMWV?tag=eloabder-20&linkCode=osi&th=1&psc=1"><img src="https://m.media-amazon.com/images/I/41lV6Au-S9L._SL500_.jpg" alt="Product Image"></a><p>EMITHSUN® Windshield Wiper Blades Replacement for Honda Civic Coupe 2 Door 2005-2011,That Meet OEM Quality Front Wipers Blade Set for My Car-28"+24"(Set of 2)</p><p>$19.99</p><a href="https://www.amazon.com/dp/B0BCQ1XMWV?tag=eloabder-20&linkCode=osi&th=1&psc=1">View Product</a></div>
<div class="product"><a href="https://www.amazon.com/dp/B00I8ITVZG?tag=eloabder-20&linkCode=osi&th=1&psc=1"><img src="https://m.media-amazon.com/images/I/41TXd564pcL._SL500_.jpg" alt="Product Image"></a><p>ECOGARD XC36067 Premium Cabin Air Filter Fits Hyundai Genesis 2009-2016, Equus 2011-2016 | Genesis G80 2017-2021, G90 2019-2021, GV80 2021 | Kia K900 2020</p><p>$10.98</p><a href="https://www.amazon.com/dp/B00I8ITVZG?tag=eloabder-20&linkCode=osi&th=1&psc=1">View Product</a></div>

<div class="product"><a href="https://www.amazon.com/dp/B097C3NCP1?tag=eloabder-20&linkCode=osi&th=1&psc=1"><img src="https://m.media-amazon.com/images/I/41GXST2+s6L._SL500_.jpg" alt="Product Image"></a><p>Raidbee 12 inch Rear Wiper Blade Replacement for Toyota Corolla Hatchback 2022-2019, Nissan Versa 2019-2014 Back Windshield Wiper (H306/12-B)</p><p>$6.99</p><a href="https://www.amazon.com/dp/B097C3NCP1?tag=eloabder-20&linkCode=osi&th=1&psc=1">View Product</a></div>



<div class="product"><a href="https://www.amazon.com/dp/B0CQ4MLKHJ?tag=eloabder-20&linkCode=osi&th=1&psc=1"><img src="https://m.media-amazon.com/images/I/519f8covwQL._SL500_.jpg" alt="Product Image"></a><p>Feetiger All-in-1 Fire Extinguisher for Home, Kitchen, Car, Garage, RV, Truck, Boat, Camping, Fire Spray that Tackles Multiple Types of Fire, 2pack</p><p>$39.99</p><a href="https://www.amazon.com/dp/B0CQ4MLKHJ?tag=eloabder-20&linkCode=osi&th=1&psc=1">View Product</a></div>
<div class="product"><a href="https://www.amazon.com/dp/B07TS4JV6H?tag=eloabder-20&linkCode=osi&th=1&psc=1"><img src="https://m.media-amazon.com/images/I/412htpDd6fL._SL500_.jpg" alt="Product Image"></a><p>Police Flag Air Freshener, New Car Scent, 6-Pack</p><p>$9.99 ($1.66 / Count)</p><a href="https://www.amazon.com/dp/B07TS4JV6H?tag=eloabder-20&linkCode=osi&th=1&psc=1">View Product</a></div>


<div class="product"><a href="https://www.amazon.com/dp/B009EU5ZNO?tag=eloabder-20&linkCode=osi&th=1&psc=1"><img src="https://m.media-amazon.com/images/I/515MJLZbnoL._SL500_.jpg" alt="Product Image"></a><p>J-B Weld 50133 Plastic Bonder Structural Adhesive Syringe - Tan - 25 ml</p><p>$6.98 ($8.21 / Fl Oz)</p><a href="https://www.amazon.com/dp/B009EU5ZNO?tag=eloabder-20&linkCode=osi&th=1&psc=1">View Product</a></div>



<div class="product"><a href="https://www.amazon.com/dp/B09P6YZP72?tag=eloabder-20&linkCode=osi&th=1&psc=1"><img src="https://m.media-amazon.com/images/I/416rlvu+ayL._SL500_.jpg" alt="Product Image"></a><p>AUTOBOO 26"+20" Windshield Wipers with 16" Rear Wiper Blade Replacement for Dodge Grand Caravan 2008-2012 2013 2014 2015 2016 2017 2018 2019 -Original Factory Quality (Pack of 3)</p><p>$23.99</p><a href="https://www.amazon.com/dp/B09P6YZP72?tag=eloabder-20&linkCode=osi&th=1&psc=1">View Product</a></div><div class="product"><a href="https://www.amazon.com/dp/B0BLYQBDS8?tag=eloabder-20&linkCode=osi&th=1&psc=1"><img src="https://m.media-amazon.com/images/I/51SbpSR2zBL._SL500_.jpg" alt="Product Image"></a><p>A-Premium Engine Air Filter Compatible with Chrysler Town & Country & Dodge Grand Caravan & Ram C/V & Volkswagen Routan, 2011-2020, Flexible Panel, Replace# 4861737AA</p><p>$12.99</p><a href="https://www.amazon.com/dp/B0BLYQBDS8?tag=eloabder-20&linkCode=osi&th=1&psc=1">View Product</a></div>
<div class="product"><a href="https://www.amazon.com/dp/B001FCB4JS?tag=eloabder-20&linkCode=osi&th=1&psc=1"><img src="https://m.media-amazon.com/images/I/21wq6fxqiVL._SL500_.jpg" alt="Product Image"></a><p>Dicor BT-1834-1 Butyl Seal Tape - 1/8" x 3/4" x 30' Repair Tape for RV, Trailer, Motorhome, Window, and Vent Sealing</p><p>$13.15 ($0.44 / Foot)</p><a href="https://www.amazon.com/dp/B001FCB4JS?tag=eloabder-20&linkCode=osi&th=1&psc=1">View Product</a></div>
<div class="product"><a href="https://www.amazon.com/dp/B000BUQOD6?tag=eloabder-20&linkCode=osi&th=1&psc=1"><img src="https://m.media-amazon.com/images/I/41O0CoP1L3L._SL500_.jpg" alt="Product Image"></a><p>Camco Camper/RV Toilet Paper | Sewer-Safe, Septic-Safe & Biodegradable | Designed for Camper, Trailer & Marine Sanitation Systems | 1-Ply Tissue | 4 Toilet Paper Rolls – 280 Sheets per Roll (40275)</p><p>$5.99 ($2.14 / 100 Sheets)</p><a href="https://www.amazon.com/dp/B000BUQOD6?tag=eloabder-20&linkCode=osi&th=1&psc=1">View Product</a></div><div class="product"><a href="https://www.amazon.com/dp/B007JG1W1E?tag=eloabder-20&linkCode=osi&th=1&psc=1"><img src="https://m.media-amazon.com/images/I/41i-j99E9ML._SL500_.jpg" alt="Product Image"></a><p>Camco TST Camper / RV Grey Water Odor Control - Removes Grease Buildup in Gray Water Tank, Sink & Shower Drains - 4oz Treats 40-Gal Holding Tank - Safe Septic Tank Treatment - Lemon, 64 oz (40256)</p><p>$19.94 ($0.31 / Fl Oz)</p><a href="https://www.amazon.com/dp/B007JG1W1E?tag=eloabder-20&linkCode=osi&th=1&psc=1">View Product</a></div><div class="product"><a href="https://www.amazon.com/dp/B016V2OSD0?tag=eloabder-20&linkCode=osi&th=1&psc=1"><img src="https://m.media-amazon.com/images/I/31Jm99RYVXL._SL500_.jpg" alt="Product Image"></a><p>Camco TST MAX RV Toilet Treatment Drop-INs | Control Unwanted Odors and Break Down Waste and Tissue | Septic Tank Safe | Lavender Scent | 15-pack (41559)</p><p>$11.97 ($0.80 / Count)</p><a href="https://www.amazon.com/dp/B016V2OSD0?tag=eloabder-20&linkCode=osi&th=1&psc=1">View Product</a></div>






<div class="product"><a href="https://www.amazon.com/dp/B006GJYOL0?tag=eloabder-20&linkCode=osi&th=1&psc=1"><img src="https://m.media-amazon.com/images/I/41YPjiCzDfL._SL500_.jpg" alt="Product Image"></a><p>Boat Bling HS-0128 Hot Sauce Hard Water Spot Remover, Gallon Refill, for Boats, RVs, Powersport Vehicles and More, Black,1 Gallon</p><p>$54.95 ($0.43 / Fl Oz)</p><a href="https://www.amazon.com/dp/B006GJYOL0?tag=eloabder-20&linkCode=osi&th=1&psc=1">View Product</a></div><div class="product"><a href="https://www.amazon.com/dp/B0000AXVCB?tag=eloabder-20&linkCode=osi&th=1&psc=1"><img src="https://m.media-amazon.com/images/I/51gtsDb7zDL._SL500_.jpg" alt="Product Image"></a><p>Meguiar's M4364 Marine/RV Boat Wash - 64 Oz Container</p><p>$13.99 ($0.22 / Fl Oz)</p><a href="https://www.amazon.com/dp/B0000AXVCB?tag=eloabder-20&linkCode=osi&th=1&psc=1">View Product</a></div><div class="product"><a href="https://www.amazon.com/dp/B0007TR47G?tag=eloabder-20&linkCode=osi&th=1&psc=1"><img src="https://m.media-amazon.com/images/I/41Q4SzlVojL._SL500_.jpg" alt="Product Image"></a><p>Meguiar's Flagship Premium Marine Wax, Boat Polish and Oxidation Remover - 32 Oz Bottle</p><p>$21.49</p><a href="https://www.amazon.com/dp/B0007TR47G?tag=eloabder-20&linkCode=osi&th=1&psc=1">View Product</a></div><div class="product"><a href="https://www.amazon.com/dp/B006GJYLFY?tag=eloabder-20&linkCode=osi&th=1&psc=1"><img src="https://m.media-amazon.com/images/I/31G78TSjssL._SL500_.jpg" alt="Product Image"></a><p>Boat Bling Condition Sauce Premium Interior Moisturizer w/UV Protection, 32 oz.</p><p>$27.95</p><a href="https://www.amazon.com/dp/B006GJYLFY?tag=eloabder-20&linkCode=osi&th=1&psc=1">View Product</a></div><div class="product"><a href="https://www.amazon.com/dp/B006GJYKWI?tag=eloabder-20&linkCode=osi&th=1&psc=1"><img src="https://m.media-amazon.com/images/I/41AcDanNz-L._SL500_.jpg" alt="Product Image"></a><p>Boat Bling VS-0032 Vinyl Sauce Premium Vinyl and Leather Cleaner, 32 Oz., for Boats, RVs, Powersport Vehicles and More</p><p>$22.95 ($0.72 / Fl Oz)</p><a href="https://www.amazon.com/dp/B006GJYKWI?tag=eloabder-20&linkCode=osi&th=1&psc=1">View Product</a></div>
<div class="product"><a href="https://www.amazon.com/dp/B004OJTEKK?tag=eloabder-20&linkCode=osi&th=1&psc=1"><img src="https://m.media-amazon.com/images/I/41q8kkNiKOL._SL500_.jpg" alt="Product Image"></a><p>Shurhold Yacht Brite YBP-0302 Brite Wash - 1 Gallon</p><p>$23.97 ($0.19 / Fl Oz)</p><a href="https://www.amazon.com/dp/B004OJTEKK?tag=eloabder-20&linkCode=osi&th=1&psc=1">View Product</a></div>




<div class="product"><a href="https://www.amazon.com/dp/B0B2RDZNZB?tag=eloabder-20&linkCode=osi&th=1&psc=1"><img src="https://m.media-amazon.com/images/I/51RVSUoRuGL._SL500_.jpg" alt="Product Image"></a><p>Fancemot Helicopter Car Air Fresheners Rotating Solar Car Fresheners Airplane Car Perfume (Osmanthus & Vanilla)</p><p>$14.08</p><a href="https://www.amazon.com/dp/B0B2RDZNZB?tag=eloabder-20&linkCode=osi&th=1&psc=1">View Product</a></div><div class="product"><a href="https://www.amazon.com/dp/B0994PG1ZD?tag=eloabder-20&linkCode=osi&th=1&psc=1"><img src="https://m.media-amazon.com/images/I/413er0A8cVS._SL500_.jpg" alt="Product Image"></a><p>NICEADA Car Air Freshener, Helicopter Solar Energy Rotating Aromatherapy Aviation Al Alloy Diffuser, Interior Decoration Accessories Diffuser for Car and Home (Silver)</p><p>$23.99</p><a href="https://www.amazon.com/dp/B0994PG1ZD?tag=eloabder-20&linkCode=osi&th=1&psc=1">View Product</a></div><div class="product"><a href="https://www.amazon.com/dp/B09ZTMZKSJ?tag=eloabder-20&linkCode=osi&th=1&psc=1"><img src="https://m.media-amazon.com/images/I/41rz5PydC9L._SL500_.jpg" alt="Product Image"></a><p>Air Freshener, Gigicloud Car Fragrance Diffuser Solar Rotating Automotive Air Fresheners Ornament Helicopter Shape Solid Aromatherapy Decoration for Car and Home (Black)</p><p>$15.49</p><a href="https://www.amazon.com/dp/B09ZTMZKSJ?tag=eloabder-20&linkCode=osi&th=1&psc=1">View Product</a></div><div class="product"><a href="https://www.amazon.com/dp/B0CWNNPCD3?tag=eloabder-20&linkCode=osi&th=1&psc=1"><img src="https://m.media-amazon.com/images/I/51nznnJJhfL._SL500_.jpg" alt="Product Image"></a><p>Car Air Freshener Diffuser, KaiDengZhe 1PCS Helicopter Solar Energy Rotating Aromatherapy Aviation Al Alloy Diffuser, Car Diffuser for Essential Oils, Relieve Stress and Purifie Odors for Car and Home</p><p>$15.99</p><a href="https://www.amazon.com/dp/B0CWNNPCD3?tag=eloabder-20&linkCode=osi&th=1&psc=1">View Product</a></div><div class="product"><a href="https://www.amazon.com/dp/B0B8T47G65?tag=eloabder-20&linkCode=osi&th=1&psc=1"><img src="https://m.media-amazon.com/images/I/41d6cgVheqL._SL500_.jpg" alt="Product Image"></a><p>Joyfunky Car Air Fresheners with Solar Rotating, Creative Car Perfume Decoration, Relieve Stress and Purifie Odors, Use at Car, office and Home, Silver</p><p>$12.99</p><a href="https://www.amazon.com/dp/B0B8T47G65?tag=eloabder-20&linkCode=osi&th=1&psc=1">View Product</a></div><div class="product"><a href="https://www.amazon.com/dp/B0D4ZHJVK8?tag=eloabder-20&linkCode=osi&th=1&psc=1"><img src="https://m.media-amazon.com/images/I/41sEhsjtb4L._SL500_.jpg" alt="Product Image"></a><p>NICEADA Helicopter Solar Car Air Freshener Refill Set, Solar Essential Oil Refill Perfume Oil for Car Air Fresheners(4 Packs)</p><p>$21.99 ($24.99 / Fl Oz)</p><a href="https://www.amazon.com/dp/B0D4ZHJVK8?tag=eloabder-20&linkCode=osi&th=1&psc=1">View Product</a></div><div class="product"><a href="https://www.amazon.com/dp/B0D251XW47?tag=eloabder-20&linkCode=osi&th=1&psc=1"><img src="https://m.media-amazon.com/images/I/41x6lmNq9fL._SL500_.jpg" alt="Product Image"></a><p>Helicopter Car Air Fresheners with Solar Rotating, Creative Car Perfume Decoration, Car Airplane Fragrance Diffuser for Car, Home, Office (Silver)</p><p>$13.09</p><a href="https://www.amazon.com/dp/B0D251XW47?tag=eloabder-20&linkCode=osi&th=1&psc=1">View Product</a></div>

<div class="product"><a href="https://www.amazon.com/dp/B0D4154TQG?tag=eloabder-20&linkCode=osi&th=1&psc=1"><img src="https://m.media-amazon.com/images/I/217Iw-nO3UL._SL500_.jpg" alt="Product Image"></a><p>RV Curtain Glide Tape A115, 1/2 Inch Glides Clear RV Curtain Strip Curtain Slide Tape 72 Inches Long Use with Ceiling or Wall Mount Curtain Track A201 A202 (2 Pack)</p><p>$17.99</p><a href="https://www.amazon.com/dp/B0D4154TQG?tag=eloabder-20&linkCode=osi&th=1&psc=1">View Product</a></div>
<div class="product"><a href="https://www.amazon.com/dp/B08W4PQN8L?tag=eloabder-20&linkCode=osi&th=1&psc=1"><img src="https://m.media-amazon.com/images/I/41udmrd6QTL._SL500_.jpg" alt="Product Image"></a><p>Hot Air Balloon Novelty Air Freshener for Car - Sandalwood Scented Automotive Accessory New Mexico Souvenir Gift (Pack of 4)</p><p>$7.99 ($2.00 / Count)</p><a href="https://www.amazon.com/dp/B08W4PQN8L?tag=eloabder-20&linkCode=osi&th=1&psc=1">View Product</a></div>















<div class="product"><a href="https://www.amazon.com/dp/B0CP87K2VD?tag=eloabder-20&linkCode=osi&th=1&psc=1"><img src="https://m.media-amazon.com/images/I/41dTH4OPkcL._SL500_.jpg" alt="Product Image"></a><p>For harley air cleaner filter Touring street glide road king electra tri trike Dyna Sportster XL 883 1200 Softail air intake (Drift style -Contrast Cut, C-For Touring 08-16, Softail 16-17)</p><p>$125.00</p><a href="https://www.amazon.com/dp/B0CP87K2VD?tag=eloabder-20&linkCode=osi&th=1&psc=1">View Product</a></div><div class="product"><a href="https://www.amazon.com/dp/B08DNLNY3G?tag=eloabder-20&linkCode=osi&th=1&psc=1"><img src="https://m.media-amazon.com/images/I/51baNj3o8CL._SL500_.jpg" alt="Product Image"></a><p>2963308 HD1508 Ultra Classic Air Filter Cleaner for 2008-2014 Harley Davidson Street Glide, Electra Glide, Road King, Road Glide Custom, Ultra Classic and other select models HD-1508</p><p>$21.99</p><a href="https://www.amazon.com/dp/B08DNLNY3G?tag=eloabder-20&linkCode=osi&th=1&psc=1">View Product</a></div><div class="product"><a href="https://www.amazon.com/dp/B0CQ2KKC3N?tag=eloabder-20&linkCode=osi&th=1&psc=1"><img src="https://m.media-amazon.com/images/I/31W2a0gAwIL._SL500_.jpg" alt="Product Image"></a><p>High-Flo Replacement Air Filter Element For Ventilator - Milwaukee-Eight Engine '18-later Softail and '17-later Touring and Trike Models Equipped with 114 Air Cleaner</p><p>$39.99</p><a href="https://www.amazon.com/dp/B0CQ2KKC3N?tag=eloabder-20&linkCode=osi&th=1&psc=1">View Product</a></div><div class="product"><a href="https://www.amazon.com/dp/B0CPJ5BSGM?tag=eloabder-20&linkCode=osi&th=1&psc=1"><img src="https://m.media-amazon.com/images/I/41cUadnGKpL._SL500_.jpg" alt="Product Image"></a><p>For harley air cleaner filter sportster street road glide king for harley davidson motorcycle air intake (Nake style -Black, A-For Sportster XL models)</p><p>$169.00</p><a href="https://www.amazon.com/dp/B0CPJ5BSGM?tag=eloabder-20&linkCode=osi&th=1&psc=1">View Product</a></div><div class="product"><a href="https://www.amazon.com/dp/B0CR17NS1M?tag=eloabder-20&linkCode=osi&th=1&psc=1"><img src="https://m.media-amazon.com/images/I/41n57oM0A-L._SL500_.jpg" alt="Product Image"></a><p>For harley air cleaner filter Sportster Softail Touring street road king glide Dyna for harley davidson air intake filters (Speed 7 style -gray filter, C-For Touring 08-16, Softail 16-17)</p><p>$89.00</p><a href="https://www.amazon.com/dp/B0CR17NS1M?tag=eloabder-20&linkCode=osi&th=1&psc=1">View Product</a></div><div class="product"><a href="https://www.amazon.com/dp/B0CR167HDN?tag=eloabder-20&linkCode=osi&th=1&psc=1"><img src="https://m.media-amazon.com/images/I/41o4byfzbRL._SL500_.jpg" alt="Product Image"></a><p>For harley davidson air cleaner filter sportster Touring street glide road king electra Dyna Softail motorcycle air intake (Chromed- gray filter, C-For Touring 2008-2016)</p><p>$99.00</p><a href="https://www.amazon.com/dp/B0CR167HDN?tag=eloabder-20&linkCode=osi&th=1&psc=1">View Product</a></div>







<div class="product"><a href="https://www.amazon.com/dp/B08WH8CWDM?tag=eloabder-20&linkCode=osi&th=1&psc=1"><img src="https://m.media-amazon.com/images/I/41Jj3ouB+1L._SL500_.jpg" alt="Product Image"></a><p>Glaze 'N Seal Color Enhancer Paver Sealer, 1 Gallon (923)</p><p>$62.99</p><a href="https://www.amazon.com/dp/B08WH8CWDM?tag=eloabder-20&linkCode=osi&th=1&psc=1">View Product</a></div>

<div class="product"><a href="https://www.amazon.com/dp/B0B58G8WRX?tag=eloabder-20&linkCode=osi&th=1&psc=1"><img src="https://m.media-amazon.com/images/I/41hjxJMTGJL._SL500_.jpg" alt="Product Image"></a><p>Solarhome Air Filter 333-D2696 333D2696 Compatible with JCB Backhoe Loader 3CX 4CX Telehandler 531-70</p><p>$34.50</p><a href="https://www.amazon.com/dp/B0B58G8WRX?tag=eloabder-20&linkCode=osi&th=1&psc=1">View Product</a></div>




<div class="product"><a href="https://www.amazon.com/dp/B07G7XG6BV?tag=eloabder-20&linkCode=osi&th=1&psc=1"><img src="https://m.media-amazon.com/images/I/510tZGutn6L._SL500_.jpg" alt="Product Image"></a><p>Holikme 6Pack Cleaning Brush Power Scrubber Cleaning Brush Extended Long Attachment Set All Purpose Scrub Brushes Kit for Grout, Floor, Tub, Shower, Tile, Bathroom,Car Cleaning Brush，Yellow</p><p>$6.95</p><a href="https://www.amazon.com/dp/B07G7XG6BV?tag=eloabder-20&linkCode=osi&th=1&psc=1">View Product</a></div>



<div class="product"><a href="https://www.amazon.com/dp/B000FW2NWQ?tag=eloabder-20&linkCode=osi&th=1&psc=1"><img src="https://m.media-amazon.com/images/I/31VlBDw7uDL._SL500_.jpg" alt="Product Image"></a><p>Performance Tool W233 12-Inch Long Reach Extension Scraper with 3pc Double Edged Plastic Razor Scraper Blades and 3pc Carbon Steel Razor Scraper Blades</p><p>$10.31</p><a href="https://www.amazon.com/dp/B000FW2NWQ?tag=eloabder-20&linkCode=osi&th=1&psc=1">View Product</a></div>
<div class="product"><a href="https://www.amazon.com/dp/B0BV2CQ5SW?tag=eloabder-20&linkCode=osi&th=1&psc=1"><img src="https://m.media-amazon.com/images/I/51VkTDjGg4L._SL500_.jpg" alt="Product Image"></a><p>Filterelated Mixed Bed Deionized Di Resin Filter Fill, Suitable For Spotless Car Wash System Filter Change, Tds Filter, Aquarium Filter, Deionized Car Wash,5 Liters</p><p>$49.99</p><a href="https://www.amazon.com/dp/B0BV2CQ5SW?tag=eloabder-20&linkCode=osi&th=1&psc=1">View Product</a></div><div class="product"><a href="https://www.amazon.com/dp/B01MRVQ9UE?tag=eloabder-20&linkCode=osi&th=1&psc=1"><img src="https://m.media-amazon.com/images/I/51+i6fjU6tL._SL500_.jpg" alt="Product Image"></a><p>Husqvarna XP Pre-Mixed Fuel and Engine Oil Quart (3 Pack),Blue</p><p>$32.99 ($0.34 / Count)</p><a href="https://www.amazon.com/dp/B01MRVQ9UE?tag=eloabder-20&linkCode=osi&th=1&psc=1">View Product</a></div>




<div class="product"><a href="https://www.amazon.com/dp/B01N2G2NEJ?tag=eloabder-20&linkCode=osi&th=1&psc=1"><img src="https://m.media-amazon.com/images/I/41-5g4zEDpL._SL500_.jpg" alt="Product Image"></a><p>Chemical Guys SPI10816 Heavy Duty Water Spot Remover, Safe for Cars, Trucks, Motorcycles, RVs & More, 16 fl oz</p><p>$17.97 ($1.12 / Fl Oz)</p><a href="https://www.amazon.com/dp/B01N2G2NEJ?tag=eloabder-20&linkCode=osi&th=1&psc=1">View Product</a></div>









<div class="product"><a href="https://www.amazon.com/dp/B08YRVH2QV?tag=eloabder-20&linkCode=osi&th=1&psc=1"><img src="https://m.media-amazon.com/images/I/5164O-Jr2QL._SL500_.jpg" alt="Product Image"></a><p>Thetford AquaMAX Summer Cypress Scent RV Holding Tank Treatment, Formaldehyde Free, Waste Digester, Septic Tank Safe, 5 Gallon Bottle (96754)</p><p>$248.18</p><a href="https://www.amazon.com/dp/B08YRVH2QV?tag=eloabder-20&linkCode=osi&th=1&psc=1">View Product</a></div><div class="product"><a href="https://www.amazon.com/dp/B0BPMW7485?tag=eloabder-20&linkCode=osi&th=1&psc=1"><img src="https://m.media-amazon.com/images/I/51WNuQeew7L._SL500_.jpg" alt="Product Image"></a><p>XFasten Butyl Tape Black 1/2” x 30’ x 1/8" Butyl Sealant Tape Headlight Sealant Putty Tape | Black Butyl Caulking Tape | Butyl Tape RV Putty Tape EPDM Automotive Butyl Rubber Window Sealant for RV</p><p>$13.99 ($0.47 / Foot)</p><a href="https://www.amazon.com/dp/B0BPMW7485?tag=eloabder-20&linkCode=osi&th=1&psc=1">View Product</a></div>
<div class="product"><a href="https://www.amazon.com/dp/B006DXWZQU?tag=eloabder-20&linkCode=osi&th=1&psc=1"><img src="https://m.media-amazon.com/images/I/41wtqfFFfQL._SL500_.jpg" alt="Product Image"></a><p>FRAM Ultra Synthetic Automotive Replacement Oil Filter, Designed for Synthetic Oil Changes Lasting up to 20k Miles, XG10575 with SureGrip (Pack of 1)</p><p>$10.79</p><a href="https://www.amazon.com/dp/B006DXWZQU?tag=eloabder-20&linkCode=osi&th=1&psc=1">View Product</a></div><div class="product"><a href="https://www.amazon.com/dp/B01LH7L0XA?tag=eloabder-20&linkCode=osi&th=1&psc=1"><img src="https://m.media-amazon.com/images/I/41yD3QmbyZL._SL500_.jpg" alt="Product Image"></a><p>Shell Rotella T4 Triple Protection Conventional 15W-40 Diesel Engine Oil (1-Gallon, Single Pack)</p><p>$15.98 ($0.12 / Fl Oz)</p><a href="https://www.amazon.com/dp/B01LH7L0XA?tag=eloabder-20&linkCode=osi&th=1&psc=1">View Product</a></div><div class="product"><a href="https://www.amazon.com/dp/B00ICSWGJ0?tag=eloabder-20&linkCode=osi&th=1&psc=1"><img src="https://m.media-amazon.com/images/I/41Ahz5dVc5L._SL500_.jpg" alt="Product Image"></a><p>Castrol Edge 5W-30 Advanced Full Synthetic Motor Oil, 5 Quarts</p><p>$24.72 ($0.15 / Fl Oz)</p><a href="https://www.amazon.com/dp/B00ICSWGJ0?tag=eloabder-20&linkCode=osi&th=1&psc=1">View Product</a></div><div class="product"><a href="https://www.amazon.com/dp/B01N8RPDT8?tag=eloabder-20&linkCode=osi&th=1&psc=1"><img src="https://m.media-amazon.com/images/I/41Qm+9e8sCL._SL500_.jpg" alt="Product Image"></a><p>Motorcraft - Oil - Engine (XO10W305Q3SD)</p><p>$32.27</p><a href="https://www.amazon.com/dp/B01N8RPDT8?tag=eloabder-20&linkCode=osi&th=1&psc=1">View Product</a></div>
<div class="product"><a href="https://www.amazon.com/dp/B07FTRZLM5?tag=eloabder-20&linkCode=osi&th=1&psc=1"><img src="https://m.media-amazon.com/images/I/416uoNYOsXL._SL500_.jpg" alt="Product Image"></a><p>Chemical Guys HOL126 14-Piece Arsenal Builder Car Wash Kit with Foam Gun, Bucket, and (5) 16 oz Car Care Cleaning Chemicals, Gift for Car & Truck Lovers, Dads and DIYers (Works w/Garden Hose)</p><p>$119.99</p><a href="https://www.amazon.com/dp/B07FTRZLM5?tag=eloabder-20&linkCode=osi&th=1&psc=1">View Product</a></div><div class="product"><a href="https://www.amazon.com/dp/B0741RL23Q?tag=eloabder-20&linkCode=osi&th=1&psc=1"><img src="https://m.media-amazon.com/images/I/410wwKZBYVL._SL500_.jpg" alt="Product Image"></a><p>Chemical Guys SPI220 Total Interior Cleaner and Protectant, Safe for Cars, Trucks, SUVs, Jeeps, Motorcycles, RVs & More, 128 fl oz (1 Gallon)</p><p>$54.99 ($0.43 / Fl Oz)</p><a href="https://www.amazon.com/dp/B0741RL23Q?tag=eloabder-20&linkCode=osi&th=1&psc=1">View Product</a></div><div class="product"><a href="https://www.amazon.com/dp/B002J7VX4Y?tag=eloabder-20&linkCode=osi&th=1&psc=1"><img src="https://m.media-amazon.com/images/I/41oijnffQ0L._SL500_.jpg" alt="Product Image"></a><p>Chemical Guys AIR_101_16 New Car Smell Premium Air Freshener and Odor Eliminator, Long-Lasting Scent, Great for Cars, Trucks, SUVs, RVs & More, 16 fl oz</p><p>$10.99 ($0.69 / Fl Oz)</p><a href="https://www.amazon.com/dp/B002J7VX4Y?tag=eloabder-20&linkCode=osi&th=1&psc=1">View Product</a></div><div class="product"><a href="https://www.amazon.com/dp/B077TPG55M?tag=eloabder-20&linkCode=osi&th=1&psc=1"><img src="https://m.media-amazon.com/images/I/51aYksYRthL._SL500_.jpg" alt="Product Image"></a><p>Chemical Guys CWS20264 Tough Mudder Foaming Truck, Off Road, ATV and RV Heavy Duty Wash Soap,(Works with Foam Cannons, Foam Guns or Bucket Washes), 64 fl oz (Half Gallon), Lemon Scent</p><p>$39.99 ($0.62 / Fl Oz)</p><a href="https://www.amazon.com/dp/B077TPG55M?tag=eloabder-20&linkCode=osi&th=1&psc=1">View Product</a></div><div class="product"><a href="https://www.amazon.com/dp/B00BJCAPEE?tag=eloabder-20&linkCode=osi&th=1&psc=1"><img src="https://m.media-amazon.com/images/I/416RIPKVW1L._SL500_.jpg" alt="Product Image"></a><p>Chemical Guys CWS_402 Mr. Pink Foaming Car Wash Soap (Works with Foam Cannons, Foam Guns or Bucket Washes) Safe for Cars, Trucks, Motorcycles, RVs & More, 128 fl oz, Candy Scent</p><p>$39.99 ($0.31 / Fl Oz)</p><a href="https://www.amazon.com/dp/B00BJCAPEE?tag=eloabder-20&linkCode=osi&th=1&psc=1">View Product</a></div><div class="product"><a href="https://www.amazon.com/dp/B01C6AISUK?tag=eloabder-20&linkCode=osi&th=1&psc=1"><img src="https://m.media-amazon.com/images/I/41FrDCDPB6S._SL500_.jpg" alt="Product Image"></a><p>Chemical Guys CLD_700_16 Mat Renew Rubber + Vinyl Floor Mat Cleaner And Protectant, Safe for Cars, Trucks, SUVs, Motorcycles, RVs & More, 16 fl oz</p><p>$10.99 ($0.69 / Fl Oz)</p><a href="https://www.amazon.com/dp/B01C6AISUK?tag=eloabder-20&linkCode=osi&th=1&psc=1">View Product</a></div><div class="product"><a href="https://www.amazon.com/dp/B01N76S0A7?tag=eloabder-20&linkCode=osi&th=1&psc=1"><img src="https://m.media-amazon.com/images/I/51jurhYPCgL._SL500_.jpg" alt="Product Image"></a><p>Chemical Guys HOL131 Premium Chenille Microfiber Car Wash Mop and Heavy Duty Extendable Pole Kit (Great for RVs, Trucks, SUVs, Jeeps & Large Vehicles), With Mr. Pink Foaming Car Wash Soap - 4 fl oz</p><p>$49.99</p><a href="https://www.amazon.com/dp/B01N76S0A7?tag=eloabder-20&linkCode=osi&th=1&psc=1">View Product</a></div><div class="product"><a href="https://www.amazon.com/dp/B009OTW646?tag=eloabder-20&linkCode=osi&th=1&psc=1"><img src="https://m.media-amazon.com/images/I/41lG36UqLBL._SL500_.jpg" alt="Product Image"></a><p>Chemical Guys CWS 110 Honeydew Snow Foam Car Wash Soap (Works with Foam Cannons, Guns or Bucket Washes) Safe for Trucks, Motorcycles, RVs & More, 128 fl oz (1 Gallon), Honeydew Scent</p><p>$39.99 ($0.31 / Fl Oz)</p><a href="https://www.amazon.com/dp/B009OTW646?tag=eloabder-20&linkCode=osi&th=1&psc=1">View Product</a></div><div class="product"><a href="https://www.amazon.com/dp/B08P54Z2C2?tag=eloabder-20&linkCode=osi&th=1&psc=1"><img src="https://m.media-amazon.com/images/I/41Ra65iS2OL._SL500_.jpg" alt="Product Image"></a><p>Chemical Guys WAC23316 HydroSpeed Ceramic Quick Detailer, Safe for Cars, Trucks, SUVs, Motorcycles, RVs & More, 16 fl oz</p><p>$24.99</p><a href="https://www.amazon.com/dp/B08P54Z2C2?tag=eloabder-20&linkCode=osi&th=1&psc=1">View Product</a></div>
<div class="product"><a href="https://www.amazon.com/dp/B0C7WLPQC7?tag=eloabder-20&linkCode=osi&th=1&psc=1"><img src="https://m.media-amazon.com/images/I/41hJeSxsSWL._SL500_.jpg" alt="Product Image"></a><p>Detail King Car Odor Removal - Chlorine Dioxide Cup - Extreme Odor Eliminator For Car - Safe And Easy To Use (3 Oz (Pack of 1) - Plastic)</p><p>$24.95 ($8.32 / Ounce)</p><a href="https://www.amazon.com/dp/B0C7WLPQC7?tag=eloabder-20&linkCode=osi&th=1&psc=1">View Product</a></div>

<div class="product"><a href="https://www.amazon.com/dp/B0052XFWCG?tag=eloabder-20&linkCode=osi&th=1&psc=1"><img src="https://m.media-amazon.com/images/I/41qajeJVXLL._SL500_.jpg" alt="Product Image"></a><p>Hot Shot's Secret HSS64Z Original Stiction Eliminator 64 Fluid Ounce Bottle, Green</p><p>$53.45 ($0.84 / Fl Oz)</p><a href="https://www.amazon.com/dp/B0052XFWCG?tag=eloabder-20&linkCode=osi&th=1&psc=1">View Product</a></div><div class="product"><a href="https://www.amazon.com/dp/B009M64CAW?tag=eloabder-20&linkCode=osi&th=1&psc=1"><img src="https://m.media-amazon.com/images/I/417D8X0nkBL._SL500_.jpg" alt="Product Image"></a><p>Lucas Oil 10679 Hot Rod & Classic Car SAE 10W-30 Motor Oil - 5 Quart</p><p>$38.50 ($0.24 / Fl Oz)</p><a href="https://www.amazon.com/dp/B009M64CAW?tag=eloabder-20&linkCode=osi&th=1&psc=1">View Product</a></div><div class="product"><a href="https://www.amazon.com/dp/B01L9ARY9O?tag=eloabder-20&linkCode=osi&th=1&psc=1"><img src="https://m.media-amazon.com/images/I/51yaZAYH75L._SL500_.jpg" alt="Product Image"></a><p>FPPF Chemical Co 00161 16 OZ HOT 4-in-1 Heating Oil Treatment (2 Bottles)</p><p>$26.42</p><a href="https://www.amazon.com/dp/B01L9ARY9O?tag=eloabder-20&linkCode=osi&th=1&psc=1">View Product</a></div><div class="product"><a href="https://www.amazon.com/dp/B009M64CUM?tag=eloabder-20&linkCode=osi&th=1&psc=1"><img src="https://m.media-amazon.com/images/I/41yiWaF8YQL._SL500_.jpg" alt="Product Image"></a><p>Lucas Oil 10683 Hot Rod & Classic Car SAE 10W-40 Motor Oil - 5 Quart</p><p>$43.24 ($0.27 / Fl Oz)</p><a href="https://www.amazon.com/dp/B009M64CUM?tag=eloabder-20&linkCode=osi&th=1&psc=1">View Product</a></div><div class="product"><a href="https://www.amazon.com/dp/B0973HNRH9?tag=eloabder-20&linkCode=osi&th=1&psc=1"><img src="https://m.media-amazon.com/images/I/41kyGGJa--L._SL500_.jpg" alt="Product Image"></a><p>Hot Shot's Secret FR3 Friction Reducer 64 Fluid Ounce 2 Quarts, Light Yellow Liquid, (HSSFR364Z)</p><p>$59.73 ($0.93 / Fl Oz)</p><a href="https://www.amazon.com/dp/B0973HNRH9?tag=eloabder-20&linkCode=osi&th=1&psc=1">View Product</a></div><div class="product"><a href="https://www.amazon.com/dp/B082YFQQ25?tag=eloabder-20&linkCode=osi&th=1&psc=1"><img src="https://m.media-amazon.com/images/I/511PTX7LlZL._SL500_.jpg" alt="Product Image"></a><p>Hot Shot's Secret Green Diamond 100 Percent Synthetic 15W40 Oil Diesel 1 Gallon</p><p>$39.99 ($0.31 / Fl Oz)</p><a href="https://www.amazon.com/dp/B082YFQQ25?tag=eloabder-20&linkCode=osi&th=1&psc=1">View Product</a></div>















<div class="product"><a href="https://www.amazon.com/dp/B08PTMXCJL?tag=eloabder-20&linkCode=osi&th=1&psc=1"><img src="https://m.media-amazon.com/images/I/410eJv-7UHL._SL500_.jpg" alt="Product Image"></a><p>Moly Grease | 3% Molybdenum Disulfide | Fifth Wheel | 5th | Automotive | Tractor | Axle | Spline | CV Joint | Lithium EP Grease | High Temp | 35 LB Pail Bucket | Black Moly | NLGI 2 | HeavyDuty Moly</p><p>$174.99 ($0.31 / Ounce)</p><a href="https://www.amazon.com/dp/B08PTMXCJL?tag=eloabder-20&linkCode=osi&th=1&psc=1">View Product</a></div><div class="product"><a href="https://www.amazon.com/dp/B08PTHJTK5?tag=eloabder-20&linkCode=osi&th=1&psc=1"><img src="https://m.media-amazon.com/images/I/41VdMjJ38aL._SL500_.jpg" alt="Product Image"></a><p>Wheel Bearing Grease Pail | Lithium Complex | High Temp EP | CV Joint | Axle | Automotive | Tractor | Truck | Ball Joint | Marine Boat | Gear | Heavy Duty | Blue | 35 LB Bucket | NLGI 2 | MultiPurpose</p><p>$167.99 ($0.30 / Ounce)</p><a href="https://www.amazon.com/dp/B08PTHJTK5?tag=eloabder-20&linkCode=osi&th=1&psc=1">View Product</a></div><div class="product"><a href="https://www.amazon.com/dp/B0013J1UA6?tag=eloabder-20&linkCode=osi&th=1&psc=1"><img src="https://m.media-amazon.com/images/I/41G0Fkf7KnL._SL500_.jpg" alt="Product Image"></a><p>CRC Food Grade Chain Lube 03055 – 12 Wt. Oz. Aerosol, NSF H1 Gear, Chain, and Wire Lubricant</p><p>$19.25 ($1.60 / Ounce)</p><a href="https://www.amazon.com/dp/B0013J1UA6?tag=eloabder-20&linkCode=osi&th=1&psc=1">View Product</a></div>





<div class="product"><a href="https://www.amazon.com/dp/B08GQ9G2V5?tag=eloabder-20&linkCode=osi&th=1&psc=1"><img src="https://m.media-amazon.com/images/I/511+rapOlWL._SL500_.jpg" alt="Product Image"></a><p>Armor All Car Air Freshener and Purifier, Car Odor Eliminator, 1.5 Ounce (Pack of 3)</p><p>$21.21 ($4.71 / Ounce)</p><a href="https://www.amazon.com/dp/B08GQ9G2V5?tag=eloabder-20&linkCode=osi&th=1&psc=1">View Product</a></div>







<div class="product"><a href="https://www.amazon.com/dp/B001229JCU?tag=eloabder-20&linkCode=osi&th=1&psc=1"><img src="https://m.media-amazon.com/images/I/31W6FuKPMcL._SL500_.jpg" alt="Product Image"></a><p>First Alert EZ Fire Spray, Extinguishing Aerosol Spray, AF400 Red 18 Ounce (Pack of 1)</p><p>$12.49</p><a href="https://www.amazon.com/dp/B001229JCU?tag=eloabder-20&linkCode=osi&th=1&psc=1">View Product</a></div><div class="product"><a href="https://www.amazon.com/dp/B002U0KGDY?tag=eloabder-20&linkCode=osi&th=1&psc=1"><img src="https://m.media-amazon.com/images/I/51p6R+mcRhL._SL500_.jpg" alt="Product Image"></a><p>First Alert EZ Fire Spray, Extinguishing Aerosol Spray, Pack of 2, AF400-2, RED</p><p>$27.02</p><a href="https://www.amazon.com/dp/B002U0KGDY?tag=eloabder-20&linkCode=osi&th=1&psc=1">View Product</a></div>
<div class="product"><a href="https://www.amazon.com/dp/B0088LVBUQ?tag=eloabder-20&linkCode=osi&th=1&psc=1"><img src="https://m.media-amazon.com/images/I/31h7l-l6u2L._SL500_.jpg" alt="Product Image"></a><p>Seymour EN-59 Hi-Tech Engine Spray Paint, General Motors Red</p><p>$9.08 ($0.76 / Ounce)</p><a href="https://www.amazon.com/dp/B0088LVBUQ?tag=eloabder-20&linkCode=osi&th=1&psc=1">View Product</a></div>




<div class="product"><a href="https://www.amazon.com/dp/B000HBNU9K?tag=eloabder-20&linkCode=osi&th=1&psc=1"><img src="https://m.media-amazon.com/images/I/41URzfKaVsL._SL500_.jpg" alt="Product Image"></a><p>Permatex 27828 Body Shop Heavy Duty Headliner Adhesive, High-Strength Spray Adhesive, Repair Detached Or Loose Interior Parts, Dries Clear, Aerosol Can, 16.75 Oz</p><p>$17.05 ($1.02 / Ounce)</p><a href="https://www.amazon.com/dp/B000HBNU9K?tag=eloabder-20&linkCode=osi&th=1&psc=1">View Product</a></div><div class="product"><a href="https://www.amazon.com/dp/B001VXXEXU?tag=eloabder-20&linkCode=osi&th=1&psc=1"><img src="https://m.media-amazon.com/images/I/5112onMwzaL._SL500_.jpg" alt="Product Image"></a><p>Vibra-TITE 213 Red VC-3 Original Threadmate, 250ml Can</p><p>$99.19</p><a href="https://www.amazon.com/dp/B001VXXEXU?tag=eloabder-20&linkCode=osi&th=1&psc=1">View Product</a></div><div class="product"><a href="https://www.amazon.com/dp/B0CWPSLTR1?tag=eloabder-20&linkCode=osi&th=1&psc=1"><img src="https://m.media-amazon.com/images/I/31ytleZjjaL._SL500_.jpg" alt="Product Image"></a><p>P & S PROFESSIONAL DETAIL PRODUCTS - Terminator Enzyme Spot and Stain Remover - Perfect for Deodorizing, Removing Embedded Soils, Grease, Dirt, and Protein-Based Stains; Fresh Scent (1 Quart)</p><p>$25.95 ($0.81 / Fl Oz)</p><a href="https://www.amazon.com/dp/B0CWPSLTR1?tag=eloabder-20&linkCode=osi&th=1&psc=1">View Product</a></div><div class="product"><a href="https://www.amazon.com/dp/B07GFNQL9H?tag=eloabder-20&linkCode=osi&th=1&psc=1"><img src="https://m.media-amazon.com/images/I/41AA3Nbt8OL._SL500_.jpg" alt="Product Image"></a><p>Gunk FEB1 Foamy Engine Brite Engine Cleaner - 17oz. 2 Pack</p><p>$17.95 ($0.53 / Ounce)</p><a href="https://www.amazon.com/dp/B07GFNQL9H?tag=eloabder-20&linkCode=osi&th=1&psc=1">View Product</a></div>



<div class="product"><a href="https://www.amazon.com/dp/B003SKCARK?tag=eloabder-20&linkCode=osi&th=1&psc=1"><img src="https://m.media-amazon.com/images/I/41rvU5irgRL._SL500_.jpg" alt="Product Image"></a><p>Obenauf's Heavy Duty LP Leather Preservative (4oz)- All Natural Beeswax Oil Conditioner- Rejuvenate Restore & Preserve Sunfaded or Cracked Boots Jackets Saddles Car Auto Upholstery Furniture- USA Made</p><p>$15.99</p><a href="https://www.amazon.com/dp/B003SKCARK?tag=eloabder-20&linkCode=osi&th=1&psc=1">View Product</a></div>
Aucun résultat trouvé.

<div class="product"><a href="https://www.amazon.com/dp/B0CLWDDWHX?tag=eloabder-20&linkCode=osi&th=1&psc=1"><img src="https://m.media-amazon.com/images/I/51HPMtia03L._SL500_.jpg" alt="Product Image"></a><p>Fire Fix Fire Extinguisher for Home 5-Pack | Made in USA | Emergency Fire Spray Foam for Apartment, Boat, Camping, Car, House, Kitchen & Vehicle | Safety & Survival | Compact, Small, Safe & Easy Use</p><p>$56.95</p><a href="https://www.amazon.com/dp/B0CLWDDWHX?tag=eloabder-20&linkCode=osi&th=1&psc=1">View Product</a></div><div class="product"><a href="https://www.amazon.com/dp/B0CKZF9H3D?tag=eloabder-20&linkCode=osi&th=1&psc=1"><img src="https://m.media-amazon.com/images/I/41+Q4YdByuL._SL500_.jpg" alt="Product Image"></a><p>Firexo All Fires Fire Extinguisher - Multipurpose Mini Aerosol - Pack of 6 - Home, Kitchen, Car, Garage, Boat, Caravan, Camping Household, ABC, Vehicle, Compact, RV, Emergency Equipment (0.1 Gal)</p><p>$139.99</p><a href="https://www.amazon.com/dp/B0CKZF9H3D?tag=eloabder-20&linkCode=osi&th=1&psc=1">View Product</a></div>
Aucun résultat trouvé.
Aucun résultat trouvé.






<div class="product"><a href="https://www.amazon.com/dp/B00FOKOKMU?tag=eloabder-20&linkCode=osi&th=1&psc=1"><img src="https://m.media-amazon.com/images/I/41KsUW-6WOL._SL500_.jpg" alt="Product Image"></a><p>The Original Leather Recoloring Balm by Furniture Clinic - 16 Colors - Leather Repair Kit for Furniture - Restore Couches, Car Seats & More - Leather Dye for Scratched and Faded Leather (Beige)</p><p>$29.95</p><a href="https://www.amazon.com/dp/B00FOKOKMU?tag=eloabder-20&linkCode=osi&th=1&psc=1">View Product</a></div>


<div class="product"><a href="https://www.amazon.com/dp/B0BQX6CPLS?tag=eloabder-20&linkCode=osi&th=1&psc=1"><img src="https://m.media-amazon.com/images/I/51OtuHOIJpL._SL500_.jpg" alt="Product Image"></a><p>Dry Stop Fire Spray by Prepared Hero - 8 Pack - Portable Fire Extinguisher for Home, Car, Garage, Kitchen - Works on Electrical, Grease, Battery Fires & More - Compact, Easy to Use</p><p>$143.99</p><a href="https://www.amazon.com/dp/B0BQX6CPLS?tag=eloabder-20&linkCode=osi&th=1&psc=1">View Product</a></div><div class="product"><a href="https://www.amazon.com/dp/B0BQX76B9K?tag=eloabder-20&linkCode=osi&th=1&psc=1"><img src="https://m.media-amazon.com/images/I/51iHCSuHw5L._SL500_.jpg" alt="Product Image"></a><p>Vapor Clean Fire Spray by Prepared Hero - 8 Pack - Portable Fire Extinguisher for Home, Car, Garage, Kitchen - Works on Electrical, Grease, Battery Fires & More - Compact, Easy to Use</p><p>$143.99</p><a href="https://www.amazon.com/dp/B0BQX76B9K?tag=eloabder-20&linkCode=osi&th=1&psc=1">View Product</a></div><div class="product"><a href="https://www.amazon.com/dp/B0C32NVZJZ?tag=eloabder-20&linkCode=osi&th=1&psc=1"><img src="https://m.media-amazon.com/images/I/61coxTM3mSL._SL500_.jpg" alt="Product Image"></a><p>Houandg Water-Based Fire Extinguisher- 2 Pack Portable Solution for All Fire Types in Homes, Vehicles, Kitchens - Prevents Re-Ignition</p><p>$33.98</p><a href="https://www.amazon.com/dp/B0C32NVZJZ?tag=eloabder-20&linkCode=osi&th=1&psc=1">View Product</a></div>
<div class="product"><a href="https://www.amazon.com/dp/B00L3W1OAO?tag=eloabder-20&linkCode=osi&th=1&psc=1"><img src="https://m.media-amazon.com/images/I/414uILMLuaL._SL500_.jpg" alt="Product Image"></a><p>Pro F/X Rubber Mask Grease Wheel - 1 Ounce - Trauma</p><p>$27.01</p><a href="https://www.amazon.com/dp/B00L3W1OAO?tag=eloabder-20&linkCode=osi&th=1&psc=1">View Product</a></div>
<div class="product"><a href="https://www.amazon.com/dp/B0CZ16SHCH?tag=eloabder-20&linkCode=osi&th=1&psc=1"><img src="https://m.media-amazon.com/images/I/31pYxaz4gYL._SL500_.jpg" alt="Product Image"></a><p>P & S PROFESSIONAL DETAIL PRODUCTS - Rehab - Paint Correction Creme Safe for All Paint Types and with Multiple pad Types - Easy-to-use-Formula Works at Any Stage of Paint Correction - 1 Quart</p><p>$56.95</p><a href="https://www.amazon.com/dp/B0CZ16SHCH?tag=eloabder-20&linkCode=osi&th=1&psc=1">View Product</a></div><div class="product"><a href="https://www.amazon.com/dp/B082BG8HLX?tag=eloabder-20&linkCode=osi&th=1&psc=1"><img src="https://m.media-amazon.com/images/I/31OAXbv7QFL._SL500_.jpg" alt="Product Image"></a><p>Lithium Auto Elixirs Color Crush- A rather intense approach to an Instant Detailer, Infused with color enhancing technology - Extremely Hydrophobic ingredients, long lasting Instant Detailer</p><p>$19.95 ($1.25 / Fl Oz)</p><a href="https://www.amazon.com/dp/B082BG8HLX?tag=eloabder-20&linkCode=osi&th=1&psc=1">View Product</a></div><div class="product"><a href="https://www.amazon.com/dp/B07MTPWZ76?tag=eloabder-20&linkCode=osi&th=1&psc=1"><img src="https://m.media-amazon.com/images/I/41v5yubrqoL._SL500_.jpg" alt="Product Image"></a><p>Lithium Seal and Squeal Paint Sealant/Polish - Incredible Shine and Lasting Protection - Curable Amino Functional Polymers Fused with Si02 Ceramic Nano Technology -Lasts for up to 12 Months (16 oz)</p><p>$39.99 ($2.50 / Ounce)</p><a href="https://www.amazon.com/dp/B07MTPWZ76?tag=eloabder-20&linkCode=osi&th=1&psc=1">View Product</a></div><div class="product"><a href="https://www.amazon.com/dp/B07MVNX377?tag=eloabder-20&linkCode=osi&th=1&psc=1"><img src="https://m.media-amazon.com/images/I/31gEqFf7rhL._SL500_.jpg" alt="Product Image"></a><p>Leather Love - The Best Leather Conditioner On The Planet, Brings Old Leather Back To Life, All Natural Ingredients Mixed With Serious Science, Restores, Rehydrates, Protects (8oz)</p><p>$28.99 ($3.62 / Ounce)</p><a href="https://www.amazon.com/dp/B07MVNX377?tag=eloabder-20&linkCode=osi&th=1&psc=1">View Product</a></div><div class="product"><a href="https://www.amazon.com/dp/B07MTQP514?tag=eloabder-20&linkCode=osi&th=1&psc=1"><img src="https://m.media-amazon.com/images/I/311IYwH-oaL._SL500_.jpg" alt="Product Image"></a><p>Trim Serum- Plastic Restorer- Restores Even the Most Damaged Plastic, Rubber and Vinyl, Last For Months, Penetrates Plastic Pores Restoring Color. (16 Oz)</p><p>$36.99</p><a href="https://www.amazon.com/dp/B07MTQP514?tag=eloabder-20&linkCode=osi&th=1&psc=1">View Product</a></div><div class="product"><a href="https://www.amazon.com/dp/B07236X7TS?tag=eloabder-20&linkCode=osi&th=1&psc=1"><img src="https://m.media-amazon.com/images/I/51-mgxYD9kL._SL500_.jpg" alt="Product Image"></a><p>Skidmore's Biker Edition Leather Cream | All Natural Formula Cleans, Conditions, and Protects your Motorcycle | Made in USA</p><p>$44.98</p><a href="https://www.amazon.com/dp/B07236X7TS?tag=eloabder-20&linkCode=osi&th=1&psc=1">View Product</a></div><div class="product"><a href="https://www.amazon.com/dp/B001CS6HH4?tag=eloabder-20&linkCode=osi&th=1&psc=1"><img src="https://m.media-amazon.com/images/I/41wY0SB+DWL._SL500_.jpg" alt="Product Image"></a><p>Fiebing's Yellow Saddle Soap for Leather (3.5 oz Tin) - Leather Cleaner & Conditioner to Soften, Protect & Restore Leathercraft - Leather Soap for Car Seat, Couch, Shoe, Purse, Boot, Bag, & Saddles</p><p>$7.15 ($2.04 / Ounce)</p><a href="https://www.amazon.com/dp/B001CS6HH4?tag=eloabder-20&linkCode=osi&th=1&psc=1">View Product</a></div><div class="product"><a href="https://www.amazon.com/dp/B08RHZ1BKD?tag=eloabder-20&linkCode=osi&th=1&psc=1"><img src="https://m.media-amazon.com/images/I/21WKh31c4tL._SL500_.jpg" alt="Product Image"></a><p>Lithium Ignite After Wash - Conditions and Shines Surfaces as You Dry. Streak-Free Hydrophobic Formula adds Lubrication to Stop Micro Scratching While Surfaces pop with Color.</p><p>$21.99 ($1.37 / Fl Oz)</p><a href="https://www.amazon.com/dp/B08RHZ1BKD?tag=eloabder-20&linkCode=osi&th=1&psc=1">View Product</a></div><div class="product"><a href="https://www.amazon.com/dp/B0003A1T3E?tag=eloabder-20&linkCode=osi&th=1&psc=1"><img src="https://m.media-amazon.com/images/I/41042PKJ1ZL._SL500_.jpg" alt="Product Image"></a><p>URAD One step All-In-One Leather conditioner 140g - NEUTRAL</p><p>$16.13</p><a href="https://www.amazon.com/dp/B0003A1T3E?tag=eloabder-20&linkCode=osi&th=1&psc=1">View Product</a></div>

<div class="product"><a href="https://www.amazon.com/dp/B0B3NFH3QY?tag=eloabder-20&linkCode=osi&th=1&psc=1"><img src="https://m.media-amazon.com/images/I/51sKVZnP-WL._SL500_.jpg" alt="Product Image"></a><p>Little Joe 96427-6PK I Love Hockey New Car Scent Red Car Air Freshener A/C Vent Clip Uses Alcohol-Free Fragrance Oil is Non-Hazardous and Non-Toxic Plastic, Pack of 6</p><p>$21.99 ($3.66 / Count)</p><a href="https://www.amazon.com/dp/B0B3NFH3QY?tag=eloabder-20&linkCode=osi&th=1&psc=1">View Product</a></div><div class="product"><a href="https://www.amazon.com/dp/B072275K82?tag=eloabder-20&linkCode=osi&th=1&psc=1"><img src="https://m.media-amazon.com/images/I/41wDnF6SiAL._SL500_.jpg" alt="Product Image"></a><p>Little Joe 96404-6PK Fruit Scent, Car Air Freshener, Clips to A/C Air Vent, Alcohol-Free Fragrance Oil, Non-Hazardous and Non-Toxic Plastic, Set of 6</p><p>$16.60 ($2.77 / Count)</p><a href="https://www.amazon.com/dp/B072275K82?tag=eloabder-20&linkCode=osi&th=1&psc=1">View Product</a></div><div class="product"><a href="https://www.amazon.com/dp/B0CQPQ2S4W?tag=eloabder-20&linkCode=osi&th=1&psc=1"><img src="https://m.media-amazon.com/images/I/31iRknmvjeL._SL500_.jpg" alt="Product Image"></a><p>Little Pup 96613 Blue Raspberry Slushy Scent Car Air Freshener A/C Vent Clip Uses Alcohol-Free Fragrance Oil is Non Hazardous and Non Toxic, Pack of 1</p><p>$3.94</p><a href="https://www.amazon.com/dp/B0CQPQ2S4W?tag=eloabder-20&linkCode=osi&th=1&psc=1">View Product</a></div><div class="product"><a href="https://www.amazon.com/dp/B0CQPNMTM4?tag=eloabder-20&linkCode=osi&th=1&psc=1"><img src="https://m.media-amazon.com/images/I/41eEovL+zML._SL500_.jpg" alt="Product Image"></a><p>Little Joe 96414-6PK Orange Creamsicle Scent Car Air Freshener A/C Vent Clip Uses Alcohol-Free Fragrance Oil is Non-Hazardous and Non-Toxic Plastic, Pack of 6</p><p>$25.99 ($4.33 / Count)</p><a href="https://www.amazon.com/dp/B0CQPNMTM4?tag=eloabder-20&linkCode=osi&th=1&psc=1">View Product</a></div><div class="product"><a href="https://www.amazon.com/dp/B0CH9KNNZN?tag=eloabder-20&linkCode=osi&th=1&psc=1"><img src="https://m.media-amazon.com/images/I/41jX66PGMTL._SL500_.jpg" alt="Product Image"></a><p>TAKAVU Clay Bars Auto Detailing 2 Pack X 100g, Premium Grade Material, Magic Clay Bar Cleaner for Cars, RV, Boat and Bus (Grey)</p><p>$9.99</p><a href="https://www.amazon.com/dp/B0CH9KNNZN?tag=eloabder-20&linkCode=osi&th=1&psc=1">View Product</a></div>

<div class="product"><a href="https://www.amazon.com/dp/B004UM6DLE?tag=eloabder-20&linkCode=osi&th=1&psc=1"><img src="https://m.media-amazon.com/images/I/314nawyx6sL._SL500_.jpg" alt="Product Image"></a><p>CARPRO IronX Iron Remover: Stops Rust Spots and Pre-Mature Failure of The Clear Coat, Iron Contaminant Removal - 500mL with Sprayer (17oz)</p><p>$26.78</p><a href="https://www.amazon.com/dp/B004UM6DLE?tag=eloabder-20&linkCode=osi&th=1&psc=1">View Product</a></div><div class="product"><a href="https://www.amazon.com/dp/B01HXZXO98?tag=eloabder-20&linkCode=osi&th=1&psc=1"><img src="https://m.media-amazon.com/images/I/41Ne9OfQGzL._SL500_.jpg" alt="Product Image"></a><p>Chemical Guys CWS80316 Clean Slate Deep Surface Cleaning Car Wash Soap (Removes Old Car Waxes, Glazes & Sealants for Superior Surface Prep), 16 fl oz, Citrus Scent</p><p>$11.99 ($0.75 / Fl Oz)</p><a href="https://www.amazon.com/dp/B01HXZXO98?tag=eloabder-20&linkCode=osi&th=1&psc=1">View Product</a></div><div class="product"><a href="https://www.amazon.com/dp/B07C39H9YX?tag=eloabder-20&linkCode=osi&th=1&psc=1"><img src="https://m.media-amazon.com/images/I/31yK3Vb5xWL._SL500_.jpg" alt="Product Image"></a><p>Adam's Polishes Iron Remover (16oz) - Iron Out Fallout Rust Remover Spray for Car Detailing | Remove Iron Particles in Car Paint, Motorcycle, RV & Boat | Use Before Clay Bar, Car Wax or Car Wash</p><p>$16.99</p><a href="https://www.amazon.com/dp/B07C39H9YX?tag=eloabder-20&linkCode=osi&th=1&psc=1">View Product</a></div><div class="product"><a href="https://www.amazon.com/dp/B0BTJ9DJM5?tag=eloabder-20&linkCode=osi&th=1&psc=1"><img src="https://m.media-amazon.com/images/I/41tNMqlDrxL._SL500_.jpg" alt="Product Image"></a><p>Torque Detail Decon Wash Pack - Decontamination Soap 8oz + Wash Mitt - Surface Strip Wash Car Shampoo - Highly Absorbent Microfiber Chenille Car Wash Mitt Safely Cleans Your Vehicles Entire Surface</p><p>$24.95 ($3.12 / Fl Oz)</p><a href="https://www.amazon.com/dp/B0BTJ9DJM5?tag=eloabder-20&linkCode=osi&th=1&psc=1">View Product</a></div><div class="product"><a href="https://www.amazon.com/dp/B013K5V9PQ?tag=eloabder-20&linkCode=osi&th=1&psc=1"><img src="https://m.media-amazon.com/images/I/41V3rm6NlZL._SL500_.jpg" alt="Product Image"></a><p>CARPRO PolyShave Decon Towel - Car Detailing Clay Decontamination Faster than Clay Bar, Clean & Release of Paint Contaminants and Glass - Increase Wax and Sealant Bond - 12" x 12" (1 Pack)</p><p>$39.97</p><a href="https://www.amazon.com/dp/B013K5V9PQ?tag=eloabder-20&linkCode=osi&th=1&psc=1">View Product</a></div><div class="product"><a href="https://www.amazon.com/dp/B0B788NBWG?tag=eloabder-20&linkCode=osi&th=1&psc=1"><img src="https://m.media-amazon.com/images/I/51NDfAOuEmL._SL500_.jpg" alt="Product Image"></a><p>P & S Professional Detail Products - Clay Decontamination Towel - Effective Cleaning & Release of Paint Contaminants; Increase Wax & Sealant Bond; Enhance Gloss & Depth of Color; Fine Grade-12" x 12"</p><p>$34.95</p><a href="https://www.amazon.com/dp/B0B788NBWG?tag=eloabder-20&linkCode=osi&th=1&psc=1">View Product</a></div><div class="product"><a href="https://www.amazon.com/dp/B0B27TFK69?tag=eloabder-20&linkCode=osi&th=1&psc=1"><img src="https://m.media-amazon.com/images/I/41zJPQIcqeL._SL500_.jpg" alt="Product Image"></a><p>The Rag Company - Ultra Clay Decontamination Mitt - Easy to Use; Effective Cleaning & Release of Paint Contaminants; Increase Wax & Sealant Bond; Enhance Gloss &Color Depth; Fine Grade (8.7"x5.7")</p><p>$34.95</p><a href="https://www.amazon.com/dp/B0B27TFK69?tag=eloabder-20&linkCode=osi&th=1&psc=1">View Product</a></div><div class="product"><a href="https://www.amazon.com/dp/B0C6XBN14N?tag=eloabder-20&linkCode=osi&th=1&psc=1"><img src="https://m.media-amazon.com/images/I/31BSavOJ89L._SL500_.jpg" alt="Product Image"></a><p>3D Iron Remover GLW Series | DIY Car Detailing | Hyper Effective Wheel Decontamination | Removes Iron Particles, Dirt, Brake Dust | Rapid Results | Ultimate Iron & Surface Contaminate Eliminator, 16oz</p><p>$17.99</p><a href="https://www.amazon.com/dp/B0C6XBN14N?tag=eloabder-20&linkCode=osi&th=1&psc=1">View Product</a></div>







<div class="product"><a href="https://www.amazon.com/dp/B0D2SPCW3G?tag=eloabder-20&linkCode=osi&th=1&psc=1"><img src="https://m.media-amazon.com/images/I/41JYIg6xqqL._SL500_.jpg" alt="Product Image"></a><p>Crankcase Ventilation Oil Separator with Gasket Compatible for 2008-2014 Volvo Mack D13 D16 MP8 Engine Replace 21122541 20499419</p><p>$155.99</p><a href="https://www.amazon.com/dp/B0D2SPCW3G?tag=eloabder-20&linkCode=osi&th=1&psc=1">View Product</a></div>

<div class="product"><a href="https://www.amazon.com/dp/B0C6M2FHGX?tag=eloabder-20&linkCode=osi&th=1&psc=1"><img src="https://m.media-amazon.com/images/I/21wWRrpHdbL._SL500_.jpg" alt="Product Image"></a><p>eMagTech 9PCS Warning Sign Please No Smoking Vaping Food Drink Stickers 110x50mm Self-Adhesive Vinyl Window Decal for Car Taxis Buses Minibuses</p><p>$9.49</p><a href="https://www.amazon.com/dp/B0C6M2FHGX?tag=eloabder-20&linkCode=osi&th=1&psc=1">View Product</a></div>

Aucun résultat trouvé.

<div class="product"><a href="https://www.amazon.com/dp/B0CVWZZMRY?tag=eloabder-20&linkCode=osi&th=1&psc=1"><img src="https://m.media-amazon.com/images/I/512y-1GwQNL._SL500_.jpg" alt="Product Image"></a><p>Jewkot 4 PCS Car Wiper Strip, 28" Boneless Structure Car Windshield Cleaning Wiper Strip, DIY Length Auxiliary Cleaning Replacement Accessory, Suitable for Most Cars, Vans, Trucks, Buses (Black)</p><p>$5.58</p><a href="https://www.amazon.com/dp/B0CVWZZMRY?tag=eloabder-20&linkCode=osi&th=1&psc=1">View Product</a></div>
<div class="product"><a href="https://www.amazon.com/dp/B07L3VQC6W?tag=eloabder-20&linkCode=osi&th=1&psc=1"><img src="https://m.media-amazon.com/images/I/41GebP+2HYL._SL500_.jpg" alt="Product Image"></a><p>BRISA VW Collection Volkswagen Air Freshener, Room Freshener, Deodorizer for Cars T1 Bus Campervan Motif (Citrus/Yellow/Set of 2)</p><p>$13.90 ($6.95 / Count)</p><a href="https://www.amazon.com/dp/B07L3VQC6W?tag=eloabder-20&linkCode=osi&th=1&psc=1">View Product</a></div><div class="product"><a href="https://www.amazon.com/dp/B07L3V86JS?tag=eloabder-20&linkCode=osi&th=1&psc=1"><img src="https://m.media-amazon.com/images/I/41TblWhKhQL._SL500_.jpg" alt="Product Image"></a><p>BRISA VW Collection Volkswagen Air Freshener, Room Freshener, Deodorizer for Cars T1 Bus Campervan Motif (New Car/Green/Set of 2)</p><p>$13.90 ($6.95 / Count)</p><a href="https://www.amazon.com/dp/B07L3V86JS?tag=eloabder-20&linkCode=osi&th=1&psc=1">View Product</a></div>


Aucun résultat trouvé.










<div class="product"><a href="https://www.amazon.com/dp/B099HL5SV2?tag=eloabder-20&linkCode=osi&th=1&psc=1"><img src="https://m.media-amazon.com/images/I/31kcR8HnylL._SL500_.jpg" alt="Product Image"></a><p>Philips GoPure GP5212 High Performance HEPA Air Purifier for Car, Removes up to 100 Pollutants, Exhaust Fumes, VOCs, Smoke, Bad Odors, Bacteria and Viruses</p><p>$77.59</p><a href="https://www.amazon.com/dp/B099HL5SV2?tag=eloabder-20&linkCode=osi&th=1&psc=1">View Product</a></div><div class="product"><a href="https://www.amazon.com/dp/B07TB419F7?tag=eloabder-20&linkCode=osi&th=1&psc=1"><img src="https://m.media-amazon.com/images/I/41l9XK-u-eL._SL500_.jpg" alt="Product Image"></a><p>Enoch Ionic Car Air Purifier with Dual USB Car Charger. Car Air Freshener Eliminates Odor, Dust. Removes Smoke, Pet and Food Odor. Ionic Ozone Car Deodorizer (Matt Black)</p><p>$24.50</p><a href="https://www.amazon.com/dp/B07TB419F7?tag=eloabder-20&linkCode=osi&th=1&psc=1">View Product</a></div><div class="product"><a href="https://www.amazon.com/dp/B08C9LKKMM?tag=eloabder-20&linkCode=osi&th=1&psc=1"><img src="https://m.media-amazon.com/images/I/41uJDRzxfrL._SL500_.jpg" alt="Product Image"></a><p>4WDKING Car Air Purifier Ionizer, 12V Plug-in Car Air Freshener Gadgets with Dual USB Charger Removes Cigarette Smoke, Pet and Food Odor, Ionic Ozone (Black)</p><p>$22.99</p><a href="https://www.amazon.com/dp/B08C9LKKMM?tag=eloabder-20&linkCode=osi&th=1&psc=1">View Product</a></div><div class="product"><a href="https://www.amazon.com/dp/B07C7D366L?tag=eloabder-20&linkCode=osi&th=1&psc=1"><img src="https://m.media-amazon.com/images/I/51GvjMcOskL._SL500_.jpg" alt="Product Image"></a><p>Car Air Purifier Ionizer - 12V Plug-in Ionic Anti-Microbial Car Deodorizer with Dual USB Charger - Smoke Smell, Pet and Food Odors, Allergens, Viruses Eliminator for Car (Matte Silver)</p><p>$24.99</p><a href="https://www.amazon.com/dp/B07C7D366L?tag=eloabder-20&linkCode=osi&th=1&psc=1">View Product</a></div><div class="product"><a href="https://www.amazon.com/dp/B086H3FW7T?tag=eloabder-20&linkCode=osi&th=1&psc=1"><img src="https://m.media-amazon.com/images/I/51FfQTz4koL._SL500_.jpg" alt="Product Image"></a><p>bmbu 1000g Large Bamboo Charcoal Air Purifier Bag - Car Deodorizer/Car Freshener - Remove Odor and Control Moisture in Your RV, Camper, SUV, Car, Truck, Closet, Mobile Home, Storage - Non Fragrant</p><p>$22.99 ($0.65 / Ounce)</p><a href="https://www.amazon.com/dp/B086H3FW7T?tag=eloabder-20&linkCode=osi&th=1&psc=1">View Product</a></div><div class="product"><a href="https://www.amazon.com/dp/B019NXUJ5K?tag=eloabder-20&linkCode=osi&th=1&psc=1"><img src="https://m.media-amazon.com/images/I/31grLw6pdUL._SL500_.jpg" alt="Product Image"></a><p>PURGGO Car Air Freshener - Lasts 365+ Days No Chemicals 100% Activated Bamboo Charcoal Fragrance-Free Deodorizer, Natural Auto Odor Eliminator, Purifier, Neutralizer, Absorb Smoke Smell</p><p>$25.99</p><a href="https://www.amazon.com/dp/B019NXUJ5K?tag=eloabder-20&linkCode=osi&th=1&psc=1">View Product</a></div><div class="product"><a href="https://www.amazon.com/dp/B0CT5TBKH5?tag=eloabder-20&linkCode=osi&th=1&psc=1"><img src="https://m.media-amazon.com/images/I/41UB7n6FuwL._SL500_.jpg" alt="Product Image"></a><p>Timgle 1 Pack Car Air Freshener, Lasts 365+ Days, No Chemicals 100% Activated Bamboo Charcoal Fragrance, Free Deodorizer, Natural Auto Odor Eliminator, Purifier, Neutralizer (Khaki Strap)</p><p>$10.99</p><a href="https://www.amazon.com/dp/B0CT5TBKH5?tag=eloabder-20&linkCode=osi&th=1&psc=1">View Product</a></div><div class="product"><a href="https://www.amazon.com/dp/B00V4049K2?tag=eloabder-20&linkCode=osi&th=1&psc=1"><img src="https://m.media-amazon.com/images/I/51rLLMGOc6L._SL500_.jpg" alt="Product Image"></a><p>PURGGO Car Air Freshener - Auto Odor Eliminator - 100% Activated Bamboo Charcoal Air Purifier, Ionizer - Absorb and Remove Smoke Smell - Fragrance-Free Deodorizer - Lasts 365+ Days [Classic Beige]</p><p>$25.99</p><a href="https://www.amazon.com/dp/B00V4049K2?tag=eloabder-20&linkCode=osi&th=1&psc=1">View Product</a></div>








<div class="product"><a href="https://www.amazon.com/dp/B0D464228M?tag=eloabder-20&linkCode=osi&th=1&psc=1"><img src="https://m.media-amazon.com/images/I/315VtBe9l-L._SL500_.jpg" alt="Product Image"></a><p>Drift Car Air Freshener - Wood Air Freshener - Car Odor Eliminator - Open Air Scent Starter Kit</p><p>$11.95</p><a href="https://www.amazon.com/dp/B0D464228M?tag=eloabder-20&linkCode=osi&th=1&psc=1">View Product</a></div>
<div class="product"><a href="https://www.amazon.com/dp/B071HR14SJ?tag=eloabder-20&linkCode=osi&th=1&psc=1"><img src="https://m.media-amazon.com/images/I/41crypCefDL._SL500_.jpg" alt="Product Image"></a><p>Meguiar's Gold Class Car Wash Soap, Ultra-Rich Car Wash Soap and Conditioner for Car Cleaning, Car Wash Soap to Clean and Condition in One Easy Step, 1 Gallon Car Wash Soap</p><p>$24.99 ($0.20 / Ounce)</p><a href="https://www.amazon.com/dp/B071HR14SJ?tag=eloabder-20&linkCode=osi&th=1&psc=1">View Product</a></div><div class="product"><a href="https://www.amazon.com/dp/B085R9L9Q9?tag=eloabder-20&linkCode=osi&th=1&psc=1"><img src="https://m.media-amazon.com/images/I/41tAv1FNbZL._SL500_.jpg" alt="Product Image"></a><p>Armor All Extreme Shield Protectant Spray , Interior Car Cleaner with UV Protection Against Cracking and Fading, 16 Fl Oz</p><p>$8.98 ($0.56 / Fl Oz)</p><a href="https://www.amazon.com/dp/B085R9L9Q9?tag=eloabder-20&linkCode=osi&th=1&psc=1">View Product</a></div><div class="product"><a href="https://www.amazon.com/dp/B016NA9Y4S?tag=eloabder-20&linkCode=osi&th=1&psc=1"><img src="https://m.media-amazon.com/images/I/31oz8VJFdjL._SL500_.jpg" alt="Product Image"></a><p>Rain-X 5079281-2 Latitude 2-In-1 Wiper Blades, 26 Inch Windshield Wipers (Pack Of 1), Automotive Replacement Windshield Wiper Blades With Patented Rain-X Water Repellency Formula</p><p>$17.08</p><a href="https://www.amazon.com/dp/B016NA9Y4S?tag=eloabder-20&linkCode=osi&th=1&psc=1">View Product</a></div><div class="product"><a href="https://www.amazon.com/dp/B0D2PCCJVK?tag=eloabder-20&linkCode=osi&th=1&psc=1"><img src="https://m.media-amazon.com/images/I/41BFT-c3a9L._SL500_.jpg" alt="Product Image"></a><p>HoogaLife Car Air Freshener Diffuser – Revitalize Your Drive with Hanging Air Freshener Diffuser Aromatic Bliss On The Go(VANILLA CREAM)</p><p>$12.99 ($24.06 / Fl Oz)</p><a href="https://www.amazon.com/dp/B0D2PCCJVK?tag=eloabder-20&linkCode=osi&th=1&psc=1">View Product</a></div><div class="product"><a href="https://www.amazon.com/dp/B0D17SKCLF?tag=eloabder-20&linkCode=osi&th=1&psc=1"><img src="https://m.media-amazon.com/images/I/51VjaK8JNmL._SL500_.jpg" alt="Product Image"></a><p>AIDEA Car Wash Mitt Microfiber, 1PK-Scratch-Free& Lint-Free, Premium Chenille Microfiber Wash Mitt-Green Regular Size (7.12''X10.14'')</p><p>$5.99</p><a href="https://www.amazon.com/dp/B0D17SKCLF?tag=eloabder-20&linkCode=osi&th=1&psc=1">View Product</a></div>








<div class="product"><a href="https://www.amazon.com/dp/B00UZE8D00?tag=eloabder-20&linkCode=osi&th=1&psc=1"><img src="https://m.media-amazon.com/images/I/517VVkgvgcL._SL500_.jpg" alt="Product Image"></a><p>Chemical Guys HOL_996 Convertible Top Cleaner and Protectant Kit, 16 oz, 2 Items</p><p>$29.99</p><a href="https://www.amazon.com/dp/B00UZE8D00?tag=eloabder-20&linkCode=osi&th=1&psc=1">View Product</a></div><div class="product"><a href="https://www.amazon.com/dp/B004HCS4NW?tag=eloabder-20&linkCode=osi&th=1&psc=1"><img src="https://m.media-amazon.com/images/I/41j5b6xRqNL._SL500_.jpg" alt="Product Image"></a><p>Meguiar's Convertible Top Cleaner - Fabric Convertible Top Cleaner and Vinyl Convertible Top Cleaner in One Advanced Formula - Safely Removes Stains, Mildew, Bird Droppings, and More, 16 Oz</p><p>$6.87 ($0.43 / Ounce)</p><a href="https://www.amazon.com/dp/B004HCS4NW?tag=eloabder-20&linkCode=osi&th=1&psc=1">View Product</a></div><div class="product"><a href="https://www.amazon.com/dp/B00UZE80N0?tag=eloabder-20&linkCode=osi&th=1&psc=1"><img src="https://m.media-amazon.com/images/I/31FG83SK9SL._SL500_.jpg" alt="Product Image"></a><p>Chemical Guys SPI_193_16 Convertible Top Protectant and Repellent, (Helps Prevent Fading & Discoloration on Fabric Sot Tops) 16 fl oz (Packaging May Vary)</p><p>$19.99 ($1.25 / Fl Oz)</p><a href="https://www.amazon.com/dp/B00UZE80N0?tag=eloabder-20&linkCode=osi&th=1&psc=1">View Product</a></div><div class="product"><a href="https://www.amazon.com/dp/B00UZE8C1A?tag=eloabder-20&linkCode=osi&th=1&psc=1"><img src="https://m.media-amazon.com/images/I/31aLnXKZxfL._SL500_.jpg" alt="Product Image"></a><p>Chemical Guys ACC_S94 Convertible Top Horse Hair Cleaning Brush, Safe for Cloth Soft Tops, Upholstery, Leather, Furniture, & More</p><p>$14.99</p><a href="https://www.amazon.com/dp/B00UZE8C1A?tag=eloabder-20&linkCode=osi&th=1&psc=1">View Product</a></div><div class="product"><a href="https://www.amazon.com/dp/B000A8JNF0?tag=eloabder-20&linkCode=osi&th=1&psc=1"><img src="https://m.media-amazon.com/images/I/51PLChiVIrL._SL500_.jpg" alt="Product Image"></a><p>303 Products Convertible Fabric Top Cleaning and Care Kit - Cleans And Protects Fabric Tops - Includes Tonneau Cover And Convertible Top Cleaner 16 fl. oz. + Fabric Guard, (30520)</p><p>$32.79 ($1.02 / Fl Oz)</p><a href="https://www.amazon.com/dp/B000A8JNF0?tag=eloabder-20&linkCode=osi&th=1&psc=1">View Product</a></div>
<div class="product"><a href="https://www.amazon.com/dp/B0BCQ1XMWV?tag=eloabder-20&linkCode=osi&th=1&psc=1"><img src="https://m.media-amazon.com/images/I/41lV6Au-S9L._SL500_.jpg" alt="Product Image"></a><p>EMITHSUN® Windshield Wiper Blades Replacement for Honda Civic Coupe 2 Door 2005-2011,That Meet OEM Quality Front Wipers Blade Set for My Car-28"+24"(Set of 2)</p><p>$19.99</p><a href="https://www.amazon.com/dp/B0BCQ1XMWV?tag=eloabder-20&linkCode=osi&th=1&psc=1">View Product</a></div>
<div class="product"><a href="https://www.amazon.com/dp/B00I8ITVZG?tag=eloabder-20&linkCode=osi&th=1&psc=1"><img src="https://m.media-amazon.com/images/I/41TXd564pcL._SL500_.jpg" alt="Product Image"></a><p>ECOGARD XC36067 Premium Cabin Air Filter Fits Hyundai Genesis 2009-2016, Equus 2011-2016 | Genesis G80 2017-2021, G90 2019-2021, GV80 2021 | Kia K900 2020</p><p>$10.98</p><a href="https://www.amazon.com/dp/B00I8ITVZG?tag=eloabder-20&linkCode=osi&th=1&psc=1">View Product</a></div>

<div class="product"><a href="https://www.amazon.com/dp/B097C3NCP1?tag=eloabder-20&linkCode=osi&th=1&psc=1"><img src="https://m.media-amazon.com/images/I/41GXST2+s6L._SL500_.jpg" alt="Product Image"></a><p>Raidbee 12 inch Rear Wiper Blade Replacement for Toyota Corolla Hatchback 2022-2019, Nissan Versa 2019-2014 Back Windshield Wiper (H306/12-B)</p><p>$6.99</p><a href="https://www.amazon.com/dp/B097C3NCP1?tag=eloabder-20&linkCode=osi&th=1&psc=1">View Product</a></div>



<div class="product"><a href="https://www.amazon.com/dp/B0CQ4MLKHJ?tag=eloabder-20&linkCode=osi&th=1&psc=1"><img src="https://m.media-amazon.com/images/I/519f8covwQL._SL500_.jpg" alt="Product Image"></a><p>Feetiger All-in-1 Fire Extinguisher for Home, Kitchen, Car, Garage, RV, Truck, Boat, Camping, Fire Spray that Tackles Multiple Types of Fire, 2pack</p><p>$39.99</p><a href="https://www.amazon.com/dp/B0CQ4MLKHJ?tag=eloabder-20&linkCode=osi&th=1&psc=1">View Product</a></div>
<div class="product"><a href="https://www.amazon.com/dp/B07TS4JV6H?tag=eloabder-20&linkCode=osi&th=1&psc=1"><img src="https://m.media-amazon.com/images/I/412htpDd6fL._SL500_.jpg" alt="Product Image"></a><p>Police Flag Air Freshener, New Car Scent, 6-Pack</p><p>$9.99 ($1.66 / Count)</p><a href="https://www.amazon.com/dp/B07TS4JV6H?tag=eloabder-20&linkCode=osi&th=1&psc=1">View Product</a></div>


<div class="product"><a href="https://www.amazon.com/dp/B009EU5ZNO?tag=eloabder-20&linkCode=osi&th=1&psc=1"><img src="https://m.media-amazon.com/images/I/515MJLZbnoL._SL500_.jpg" alt="Product Image"></a><p>J-B Weld 50133 Plastic Bonder Structural Adhesive Syringe - Tan - 25 ml</p><p>$6.98 ($8.21 / Fl Oz)</p><a href="https://www.amazon.com/dp/B009EU5ZNO?tag=eloabder-20&linkCode=osi&th=1&psc=1">View Product</a></div>



<div class="product"><a href="https://www.amazon.com/dp/B09P6YZP72?tag=eloabder-20&linkCode=osi&th=1&psc=1"><img src="https://m.media-amazon.com/images/I/416rlvu+ayL._SL500_.jpg" alt="Product Image"></a><p>AUTOBOO 26"+20" Windshield Wipers with 16" Rear Wiper Blade Replacement for Dodge Grand Caravan 2008-2012 2013 2014 2015 2016 2017 2018 2019 -Original Factory Quality (Pack of 3)</p><p>$23.99</p><a href="https://www.amazon.com/dp/B09P6YZP72?tag=eloabder-20&linkCode=osi&th=1&psc=1">View Product</a></div><div class="product"><a href="https://www.amazon.com/dp/B0BLYQBDS8?tag=eloabder-20&linkCode=osi&th=1&psc=1"><img src="https://m.media-amazon.com/images/I/51SbpSR2zBL._SL500_.jpg" alt="Product Image"></a><p>A-Premium Engine Air Filter Compatible with Chrysler Town & Country & Dodge Grand Caravan & Ram C/V & Volkswagen Routan, 2011-2020, Flexible Panel, Replace# 4861737AA</p><p>$12.99</p><a href="https://www.amazon.com/dp/B0BLYQBDS8?tag=eloabder-20&linkCode=osi&th=1&psc=1">View Product</a></div>
<div class="product"><a href="https://www.amazon.com/dp/B001FCB4JS?tag=eloabder-20&linkCode=osi&th=1&psc=1"><img src="https://m.media-amazon.com/images/I/21wq6fxqiVL._SL500_.jpg" alt="Product Image"></a><p>Dicor BT-1834-1 Butyl Seal Tape - 1/8" x 3/4" x 30' Repair Tape for RV, Trailer, Motorhome, Window, and Vent Sealing</p><p>$13.15 ($0.44 / Foot)</p><a href="https://www.amazon.com/dp/B001FCB4JS?tag=eloabder-20&linkCode=osi&th=1&psc=1">View Product</a></div>
<div class="product"><a href="https://www.amazon.com/dp/B000BUQOD6?tag=eloabder-20&linkCode=osi&th=1&psc=1"><img src="https://m.media-amazon.com/images/I/41O0CoP1L3L._SL500_.jpg" alt="Product Image"></a><p>Camco Camper/RV Toilet Paper | Sewer-Safe, Septic-Safe & Biodegradable | Designed for Camper, Trailer & Marine Sanitation Systems | 1-Ply Tissue | 4 Toilet Paper Rolls – 280 Sheets per Roll (40275)</p><p>$5.99 ($2.14 / 100 Sheets)</p><a href="https://www.amazon.com/dp/B000BUQOD6?tag=eloabder-20&linkCode=osi&th=1&psc=1">View Product</a></div><div class="product"><a href="https://www.amazon.com/dp/B007JG1W1E?tag=eloabder-20&linkCode=osi&th=1&psc=1"><img src="https://m.media-amazon.com/images/I/41i-j99E9ML._SL500_.jpg" alt="Product Image"></a><p>Camco TST Camper / RV Grey Water Odor Control - Removes Grease Buildup in Gray Water Tank, Sink & Shower Drains - 4oz Treats 40-Gal Holding Tank - Safe Septic Tank Treatment - Lemon, 64 oz (40256)</p><p>$19.94 ($0.31 / Fl Oz)</p><a href="https://www.amazon.com/dp/B007JG1W1E?tag=eloabder-20&linkCode=osi&th=1&psc=1">View Product</a></div><div class="product"><a href="https://www.amazon.com/dp/B016V2OSD0?tag=eloabder-20&linkCode=osi&th=1&psc=1"><img src="https://m.media-amazon.com/images/I/31Jm99RYVXL._SL500_.jpg" alt="Product Image"></a><p>Camco TST MAX RV Toilet Treatment Drop-INs | Control Unwanted Odors and Break Down Waste and Tissue | Septic Tank Safe | Lavender Scent | 15-pack (41559)</p><p>$11.97 ($0.80 / Count)</p><a href="https://www.amazon.com/dp/B016V2OSD0?tag=eloabder-20&linkCode=osi&th=1&psc=1">View Product</a></div>






<div class="product"><a href="https://www.amazon.com/dp/B006GJYOL0?tag=eloabder-20&linkCode=osi&th=1&psc=1"><img src="https://m.media-amazon.com/images/I/41YPjiCzDfL._SL500_.jpg" alt="Product Image"></a><p>Boat Bling HS-0128 Hot Sauce Hard Water Spot Remover, Gallon Refill, for Boats, RVs, Powersport Vehicles and More, Black,1 Gallon</p><p>$54.95 ($0.43 / Fl Oz)</p><a href="https://www.amazon.com/dp/B006GJYOL0?tag=eloabder-20&linkCode=osi&th=1&psc=1">View Product</a></div><div class="product"><a href="https://www.amazon.com/dp/B0000AXVCB?tag=eloabder-20&linkCode=osi&th=1&psc=1"><img src="https://m.media-amazon.com/images/I/51gtsDb7zDL._SL500_.jpg" alt="Product Image"></a><p>Meguiar's M4364 Marine/RV Boat Wash - 64 Oz Container</p><p>$13.99 ($0.22 / Fl Oz)</p><a href="https://www.amazon.com/dp/B0000AXVCB?tag=eloabder-20&linkCode=osi&th=1&psc=1">View Product</a></div><div class="product"><a href="https://www.amazon.com/dp/B0007TR47G?tag=eloabder-20&linkCode=osi&th=1&psc=1"><img src="https://m.media-amazon.com/images/I/41Q4SzlVojL._SL500_.jpg" alt="Product Image"></a><p>Meguiar's Flagship Premium Marine Wax, Boat Polish and Oxidation Remover - 32 Oz Bottle</p><p>$21.49</p><a href="https://www.amazon.com/dp/B0007TR47G?tag=eloabder-20&linkCode=osi&th=1&psc=1">View Product</a></div><div class="product"><a href="https://www.amazon.com/dp/B006GJYLFY?tag=eloabder-20&linkCode=osi&th=1&psc=1"><img src="https://m.media-amazon.com/images/I/31G78TSjssL._SL500_.jpg" alt="Product Image"></a><p>Boat Bling Condition Sauce Premium Interior Moisturizer w/UV Protection, 32 oz.</p><p>$27.95</p><a href="https://www.amazon.com/dp/B006GJYLFY?tag=eloabder-20&linkCode=osi&th=1&psc=1">View Product</a></div><div class="product"><a href="https://www.amazon.com/dp/B006GJYKWI?tag=eloabder-20&linkCode=osi&th=1&psc=1"><img src="https://m.media-amazon.com/images/I/41AcDanNz-L._SL500_.jpg" alt="Product Image"></a><p>Boat Bling VS-0032 Vinyl Sauce Premium Vinyl and Leather Cleaner, 32 Oz., for Boats, RVs, Powersport Vehicles and More</p><p>$22.95 ($0.72 / Fl Oz)</p><a href="https://www.amazon.com/dp/B006GJYKWI?tag=eloabder-20&linkCode=osi&th=1&psc=1">View Product</a></div>
<div class="product"><a href="https://www.amazon.com/dp/B004OJTEKK?tag=eloabder-20&linkCode=osi&th=1&psc=1"><img src="https://m.media-amazon.com/images/I/41q8kkNiKOL._SL500_.jpg" alt="Product Image"></a><p>Shurhold Yacht Brite YBP-0302 Brite Wash - 1 Gallon</p><p>$23.97 ($0.19 / Fl Oz)</p><a href="https://www.amazon.com/dp/B004OJTEKK?tag=eloabder-20&linkCode=osi&th=1&psc=1">View Product</a></div>




<div class="product"><a href="https://www.amazon.com/dp/B0B2RDZNZB?tag=eloabder-20&linkCode=osi&th=1&psc=1"><img src="https://m.media-amazon.com/images/I/51RVSUoRuGL._SL500_.jpg" alt="Product Image"></a><p>Fancemot Helicopter Car Air Fresheners Rotating Solar Car Fresheners Airplane Car Perfume (Osmanthus & Vanilla)</p><p>$14.08</p><a href="https://www.amazon.com/dp/B0B2RDZNZB?tag=eloabder-20&linkCode=osi&th=1&psc=1">View Product</a></div><div class="product"><a href="https://www.amazon.com/dp/B0994PG1ZD?tag=eloabder-20&linkCode=osi&th=1&psc=1"><img src="https://m.media-amazon.com/images/I/413er0A8cVS._SL500_.jpg" alt="Product Image"></a><p>NICEADA Car Air Freshener, Helicopter Solar Energy Rotating Aromatherapy Aviation Al Alloy Diffuser, Interior Decoration Accessories Diffuser for Car and Home (Silver)</p><p>$23.99</p><a href="https://www.amazon.com/dp/B0994PG1ZD?tag=eloabder-20&linkCode=osi&th=1&psc=1">View Product</a></div><div class="product"><a href="https://www.amazon.com/dp/B09ZTMZKSJ?tag=eloabder-20&linkCode=osi&th=1&psc=1"><img src="https://m.media-amazon.com/images/I/41rz5PydC9L._SL500_.jpg" alt="Product Image"></a><p>Air Freshener, Gigicloud Car Fragrance Diffuser Solar Rotating Automotive Air Fresheners Ornament Helicopter Shape Solid Aromatherapy Decoration for Car and Home (Black)</p><p>$15.49</p><a href="https://www.amazon.com/dp/B09ZTMZKSJ?tag=eloabder-20&linkCode=osi&th=1&psc=1">View Product</a></div><div class="product"><a href="https://www.amazon.com/dp/B0CWNNPCD3?tag=eloabder-20&linkCode=osi&th=1&psc=1"><img src="https://m.media-amazon.com/images/I/51nznnJJhfL._SL500_.jpg" alt="Product Image"></a><p>Car Air Freshener Diffuser, KaiDengZhe 1PCS Helicopter Solar Energy Rotating Aromatherapy Aviation Al Alloy Diffuser, Car Diffuser for Essential Oils, Relieve Stress and Purifie Odors for Car and Home</p><p>$15.99</p><a href="https://www.amazon.com/dp/B0CWNNPCD3?tag=eloabder-20&linkCode=osi&th=1&psc=1">View Product</a></div><div class="product"><a href="https://www.amazon.com/dp/B0B8T47G65?tag=eloabder-20&linkCode=osi&th=1&psc=1"><img src="https://m.media-amazon.com/images/I/41d6cgVheqL._SL500_.jpg" alt="Product Image"></a><p>Joyfunky Car Air Fresheners with Solar Rotating, Creative Car Perfume Decoration, Relieve Stress and Purifie Odors, Use at Car, office and Home, Silver</p><p>$12.99</p><a href="https://www.amazon.com/dp/B0B8T47G65?tag=eloabder-20&linkCode=osi&th=1&psc=1">View Product</a></div><div class="product"><a href="https://www.amazon.com/dp/B0D4ZHJVK8?tag=eloabder-20&linkCode=osi&th=1&psc=1"><img src="https://m.media-amazon.com/images/I/41sEhsjtb4L._SL500_.jpg" alt="Product Image"></a><p>NICEADA Helicopter Solar Car Air Freshener Refill Set, Solar Essential Oil Refill Perfume Oil for Car Air Fresheners(4 Packs)</p><p>$21.99 ($24.99 / Fl Oz)</p><a href="https://www.amazon.com/dp/B0D4ZHJVK8?tag=eloabder-20&linkCode=osi&th=1&psc=1">View Product</a></div><div class="product"><a href="https://www.amazon.com/dp/B0D251XW47?tag=eloabder-20&linkCode=osi&th=1&psc=1"><img src="https://m.media-amazon.com/images/I/41x6lmNq9fL._SL500_.jpg" alt="Product Image"></a><p>Helicopter Car Air Fresheners with Solar Rotating, Creative Car Perfume Decoration, Car Airplane Fragrance Diffuser for Car, Home, Office (Silver)</p><p>$13.09</p><a href="https://www.amazon.com/dp/B0D251XW47?tag=eloabder-20&linkCode=osi&th=1&psc=1">View Product</a></div>

<div class="product"><a href="https://www.amazon.com/dp/B0D4154TQG?tag=eloabder-20&linkCode=osi&th=1&psc=1"><img src="https://m.media-amazon.com/images/I/217Iw-nO3UL._SL500_.jpg" alt="Product Image"></a><p>RV Curtain Glide Tape A115, 1/2 Inch Glides Clear RV Curtain Strip Curtain Slide Tape 72 Inches Long Use with Ceiling or Wall Mount Curtain Track A201 A202 (2 Pack)</p><p>$17.99</p><a href="https://www.amazon.com/dp/B0D4154TQG?tag=eloabder-20&linkCode=osi&th=1&psc=1">View Product</a></div>
<div class="product"><a href="https://www.amazon.com/dp/B08W4PQN8L?tag=eloabder-20&linkCode=osi&th=1&psc=1"><img src="https://m.media-amazon.com/images/I/41udmrd6QTL._SL500_.jpg" alt="Product Image"></a><p>Hot Air Balloon Novelty Air Freshener for Car - Sandalwood Scented Automotive Accessory New Mexico Souvenir Gift (Pack of 4)</p><p>$7.99 ($2.00 / Count)</p><a href="https://www.amazon.com/dp/B08W4PQN8L?tag=eloabder-20&linkCode=osi&th=1&psc=1">View Product</a></div>















<div class="product"><a href="https://www.amazon.com/dp/B0CP87K2VD?tag=eloabder-20&linkCode=osi&th=1&psc=1"><img src="https://m.media-amazon.com/images/I/41dTH4OPkcL._SL500_.jpg" alt="Product Image"></a><p>For harley air cleaner filter Touring street glide road king electra tri trike Dyna Sportster XL 883 1200 Softail air intake (Drift style -Contrast Cut, C-For Touring 08-16, Softail 16-17)</p><p>$125.00</p><a href="https://www.amazon.com/dp/B0CP87K2VD?tag=eloabder-20&linkCode=osi&th=1&psc=1">View Product</a></div><div class="product"><a href="https://www.amazon.com/dp/B08DNLNY3G?tag=eloabder-20&linkCode=osi&th=1&psc=1"><img src="https://m.media-amazon.com/images/I/51baNj3o8CL._SL500_.jpg" alt="Product Image"></a><p>2963308 HD1508 Ultra Classic Air Filter Cleaner for 2008-2014 Harley Davidson Street Glide, Electra Glide, Road King, Road Glide Custom, Ultra Classic and other select models HD-1508</p><p>$21.99</p><a href="https://www.amazon.com/dp/B08DNLNY3G?tag=eloabder-20&linkCode=osi&th=1&psc=1">View Product</a></div><div class="product"><a href="https://www.amazon.com/dp/B0CQ2KKC3N?tag=eloabder-20&linkCode=osi&th=1&psc=1"><img src="https://m.media-amazon.com/images/I/31W2a0gAwIL._SL500_.jpg" alt="Product Image"></a><p>High-Flo Replacement Air Filter Element For Ventilator - Milwaukee-Eight Engine '18-later Softail and '17-later Touring and Trike Models Equipped with 114 Air Cleaner</p><p>$39.99</p><a href="https://www.amazon.com/dp/B0CQ2KKC3N?tag=eloabder-20&linkCode=osi&th=1&psc=1">View Product</a></div><div class="product"><a href="https://www.amazon.com/dp/B0CPJ5BSGM?tag=eloabder-20&linkCode=osi&th=1&psc=1"><img src="https://m.media-amazon.com/images/I/41cUadnGKpL._SL500_.jpg" alt="Product Image"></a><p>For harley air cleaner filter sportster street road glide king for harley davidson motorcycle air intake (Nake style -Black, A-For Sportster XL models)</p><p>$169.00</p><a href="https://www.amazon.com/dp/B0CPJ5BSGM?tag=eloabder-20&linkCode=osi&th=1&psc=1">View Product</a></div><div class="product"><a href="https://www.amazon.com/dp/B0CR17NS1M?tag=eloabder-20&linkCode=osi&th=1&psc=1"><img src="https://m.media-amazon.com/images/I/41n57oM0A-L._SL500_.jpg" alt="Product Image"></a><p>For harley air cleaner filter Sportster Softail Touring street road king glide Dyna for harley davidson air intake filters (Speed 7 style -gray filter, C-For Touring 08-16, Softail 16-17)</p><p>$89.00</p><a href="https://www.amazon.com/dp/B0CR17NS1M?tag=eloabder-20&linkCode=osi&th=1&psc=1">View Product</a></div><div class="product"><a href="https://www.amazon.com/dp/B0CR167HDN?tag=eloabder-20&linkCode=osi&th=1&psc=1"><img src="https://m.media-amazon.com/images/I/41o4byfzbRL._SL500_.jpg" alt="Product Image"></a><p>For harley davidson air cleaner filter sportster Touring street glide road king electra Dyna Softail motorcycle air intake (Chromed- gray filter, C-For Touring 2008-2016)</p><p>$99.00</p><a href="https://www.amazon.com/dp/B0CR167HDN?tag=eloabder-20&linkCode=osi&th=1&psc=1">View Product</a></div>







<div class="product"><a href="https://www.amazon.com/dp/B08WH8CWDM?tag=eloabder-20&linkCode=osi&th=1&psc=1"><img src="https://m.media-amazon.com/images/I/41Jj3ouB+1L._SL500_.jpg" alt="Product Image"></a><p>Glaze 'N Seal Color Enhancer Paver Sealer, 1 Gallon (923)</p><p>$62.99</p><a href="https://www.amazon.com/dp/B08WH8CWDM?tag=eloabder-20&linkCode=osi&th=1&psc=1">View Product</a></div>

<div class="product"><a href="https://www.amazon.com/dp/B0B58G8WRX?tag=eloabder-20&linkCode=osi&th=1&psc=1"><img src="https://m.media-amazon.com/images/I/41hjxJMTGJL._SL500_.jpg" alt="Product Image"></a><p>Solarhome Air Filter 333-D2696 333D2696 Compatible with JCB Backhoe Loader 3CX 4CX Telehandler 531-70</p><p>$34.50</p><a href="https://www.amazon.com/dp/B0B58G8WRX?tag=eloabder-20&linkCode=osi&th=1&psc=1">View Product</a></div>




<div class="product"><a href="https://www.amazon.com/dp/B07G7XG6BV?tag=eloabder-20&linkCode=osi&th=1&psc=1"><img src="https://m.media-amazon.com/images/I/510tZGutn6L._SL500_.jpg" alt="Product Image"></a><p>Holikme 6Pack Cleaning Brush Power Scrubber Cleaning Brush Extended Long Attachment Set All Purpose Scrub Brushes Kit for Grout, Floor, Tub, Shower, Tile, Bathroom,Car Cleaning Brush，Yellow</p><p>$6.95</p><a href="https://www.amazon.com/dp/B07G7XG6BV?tag=eloabder-20&linkCode=osi&th=1&psc=1">View Product</a></div>



<div class="product"><a href="https://www.amazon.com/dp/B000FW2NWQ?tag=eloabder-20&linkCode=osi&th=1&psc=1"><img src="https://m.media-amazon.com/images/I/31VlBDw7uDL._SL500_.jpg" alt="Product Image"></a><p>Performance Tool W233 12-Inch Long Reach Extension Scraper with 3pc Double Edged Plastic Razor Scraper Blades and 3pc Carbon Steel Razor Scraper Blades</p><p>$10.31</p><a href="https://www.amazon.com/dp/B000FW2NWQ?tag=eloabder-20&linkCode=osi&th=1&psc=1">View Product</a></div>
<div class="product"><a href="https://www.amazon.com/dp/B0BV2CQ5SW?tag=eloabder-20&linkCode=osi&th=1&psc=1"><img src="https://m.media-amazon.com/images/I/51VkTDjGg4L._SL500_.jpg" alt="Product Image"></a><p>Filterelated Mixed Bed Deionized Di Resin Filter Fill, Suitable For Spotless Car Wash System Filter Change, Tds Filter, Aquarium Filter, Deionized Car Wash,5 Liters</p><p>$49.99</p><a href="https://www.amazon.com/dp/B0BV2CQ5SW?tag=eloabder-20&linkCode=osi&th=1&psc=1">View Product</a></div><div class="product"><a href="https://www.amazon.com/dp/B01MRVQ9UE?tag=eloabder-20&linkCode=osi&th=1&psc=1"><img src="https://m.media-amazon.com/images/I/51+i6fjU6tL._SL500_.jpg" alt="Product Image"></a><p>Husqvarna XP Pre-Mixed Fuel and Engine Oil Quart (3 Pack),Blue</p><p>$32.99 ($0.34 / Count)</p><a href="https://www.amazon.com/dp/B01MRVQ9UE?tag=eloabder-20&linkCode=osi&th=1&psc=1">View Product</a></div>




<div class="product"><a href="https://www.amazon.com/dp/B01N2G2NEJ?tag=eloabder-20&linkCode=osi&th=1&psc=1"><img src="https://m.media-amazon.com/images/I/41-5g4zEDpL._SL500_.jpg" alt="Product Image"></a><p>Chemical Guys SPI10816 Heavy Duty Water Spot Remover, Safe for Cars, Trucks, Motorcycles, RVs & More, 16 fl oz</p><p>$17.97 ($1.12 / Fl Oz)</p><a href="https://www.amazon.com/dp/B01N2G2NEJ?tag=eloabder-20&linkCode=osi&th=1&psc=1">View Product</a></div>









<div class="product"><a href="https://www.amazon.com/dp/B08YRVH2QV?tag=eloabder-20&linkCode=osi&th=1&psc=1"><img src="https://m.media-amazon.com/images/I/5164O-Jr2QL._SL500_.jpg" alt="Product Image"></a><p>Thetford AquaMAX Summer Cypress Scent RV Holding Tank Treatment, Formaldehyde Free, Waste Digester, Septic Tank Safe, 5 Gallon Bottle (96754)</p><p>$248.18</p><a href="https://www.amazon.com/dp/B08YRVH2QV?tag=eloabder-20&linkCode=osi&th=1&psc=1">View Product</a></div><div class="product"><a href="https://www.amazon.com/dp/B0BPMW7485?tag=eloabder-20&linkCode=osi&th=1&psc=1"><img src="https://m.media-amazon.com/images/I/51WNuQeew7L._SL500_.jpg" alt="Product Image"></a><p>XFasten Butyl Tape Black 1/2” x 30’ x 1/8" Butyl Sealant Tape Headlight Sealant Putty Tape | Black Butyl Caulking Tape | Butyl Tape RV Putty Tape EPDM Automotive Butyl Rubber Window Sealant for RV</p><p>$13.99 ($0.47 / Foot)</p><a href="https://www.amazon.com/dp/B0BPMW7485?tag=eloabder-20&linkCode=osi&th=1&psc=1">View Product</a></div>
<div class="product"><a href="https://www.amazon.com/dp/B006DXWZQU?tag=eloabder-20&linkCode=osi&th=1&psc=1"><img src="https://m.media-amazon.com/images/I/41wtqfFFfQL._SL500_.jpg" alt="Product Image"></a><p>FRAM Ultra Synthetic Automotive Replacement Oil Filter, Designed for Synthetic Oil Changes Lasting up to 20k Miles, XG10575 with SureGrip (Pack of 1)</p><p>$10.79</p><a href="https://www.amazon.com/dp/B006DXWZQU?tag=eloabder-20&linkCode=osi&th=1&psc=1">View Product</a></div><div class="product"><a href="https://www.amazon.com/dp/B01LH7L0XA?tag=eloabder-20&linkCode=osi&th=1&psc=1"><img src="https://m.media-amazon.com/images/I/41yD3QmbyZL._SL500_.jpg" alt="Product Image"></a><p>Shell Rotella T4 Triple Protection Conventional 15W-40 Diesel Engine Oil (1-Gallon, Single Pack)</p><p>$15.98 ($0.12 / Fl Oz)</p><a href="https://www.amazon.com/dp/B01LH7L0XA?tag=eloabder-20&linkCode=osi&th=1&psc=1">View Product</a></div><div class="product"><a href="https://www.amazon.com/dp/B00ICSWGJ0?tag=eloabder-20&linkCode=osi&th=1&psc=1"><img src="https://m.media-amazon.com/images/I/41Ahz5dVc5L._SL500_.jpg" alt="Product Image"></a><p>Castrol Edge 5W-30 Advanced Full Synthetic Motor Oil, 5 Quarts</p><p>$24.72 ($0.15 / Fl Oz)</p><a href="https://www.amazon.com/dp/B00ICSWGJ0?tag=eloabder-20&linkCode=osi&th=1&psc=1">View Product</a></div><div class="product"><a href="https://www.amazon.com/dp/B01N8RPDT8?tag=eloabder-20&linkCode=osi&th=1&psc=1"><img src="https://m.media-amazon.com/images/I/41Qm+9e8sCL._SL500_.jpg" alt="Product Image"></a><p>Motorcraft - Oil - Engine (XO10W305Q3SD)</p><p>$32.27</p><a href="https://www.amazon.com/dp/B01N8RPDT8?tag=eloabder-20&linkCode=osi&th=1&psc=1">View Product</a></div>
<div class="product"><a href="https://www.amazon.com/dp/B07FTRZLM5?tag=eloabder-20&linkCode=osi&th=1&psc=1"><img src="https://m.media-amazon.com/images/I/416uoNYOsXL._SL500_.jpg" alt="Product Image"></a><p>Chemical Guys HOL126 14-Piece Arsenal Builder Car Wash Kit with Foam Gun, Bucket, and (5) 16 oz Car Care Cleaning Chemicals, Gift for Car & Truck Lovers, Dads and DIYers (Works w/Garden Hose)</p><p>$119.99</p><a href="https://www.amazon.com/dp/B07FTRZLM5?tag=eloabder-20&linkCode=osi&th=1&psc=1">View Product</a></div><div class="product"><a href="https://www.amazon.com/dp/B0741RL23Q?tag=eloabder-20&linkCode=osi&th=1&psc=1"><img src="https://m.media-amazon.com/images/I/410wwKZBYVL._SL500_.jpg" alt="Product Image"></a><p>Chemical Guys SPI220 Total Interior Cleaner and Protectant, Safe for Cars, Trucks, SUVs, Jeeps, Motorcycles, RVs & More, 128 fl oz (1 Gallon)</p><p>$54.99 ($0.43 / Fl Oz)</p><a href="https://www.amazon.com/dp/B0741RL23Q?tag=eloabder-20&linkCode=osi&th=1&psc=1">View Product</a></div><div class="product"><a href="https://www.amazon.com/dp/B002J7VX4Y?tag=eloabder-20&linkCode=osi&th=1&psc=1"><img src="https://m.media-amazon.com/images/I/41oijnffQ0L._SL500_.jpg" alt="Product Image"></a><p>Chemical Guys AIR_101_16 New Car Smell Premium Air Freshener and Odor Eliminator, Long-Lasting Scent, Great for Cars, Trucks, SUVs, RVs & More, 16 fl oz</p><p>$10.99 ($0.69 / Fl Oz)</p><a href="https://www.amazon.com/dp/B002J7VX4Y?tag=eloabder-20&linkCode=osi&th=1&psc=1">View Product</a></div><div class="product"><a href="https://www.amazon.com/dp/B077TPG55M?tag=eloabder-20&linkCode=osi&th=1&psc=1"><img src="https://m.media-amazon.com/images/I/51aYksYRthL._SL500_.jpg" alt="Product Image"></a><p>Chemical Guys CWS20264 Tough Mudder Foaming Truck, Off Road, ATV and RV Heavy Duty Wash Soap,(Works with Foam Cannons, Foam Guns or Bucket Washes), 64 fl oz (Half Gallon), Lemon Scent</p><p>$39.99 ($0.62 / Fl Oz)</p><a href="https://www.amazon.com/dp/B077TPG55M?tag=eloabder-20&linkCode=osi&th=1&psc=1">View Product</a></div><div class="product"><a href="https://www.amazon.com/dp/B00BJCAPEE?tag=eloabder-20&linkCode=osi&th=1&psc=1"><img src="https://m.media-amazon.com/images/I/416RIPKVW1L._SL500_.jpg" alt="Product Image"></a><p>Chemical Guys CWS_402 Mr. Pink Foaming Car Wash Soap (Works with Foam Cannons, Foam Guns or Bucket Washes) Safe for Cars, Trucks, Motorcycles, RVs & More, 128 fl oz, Candy Scent</p><p>$39.99 ($0.31 / Fl Oz)</p><a href="https://www.amazon.com/dp/B00BJCAPEE?tag=eloabder-20&linkCode=osi&th=1&psc=1">View Product</a></div><div class="product"><a href="https://www.amazon.com/dp/B01C6AISUK?tag=eloabder-20&linkCode=osi&th=1&psc=1"><img src="https://m.media-amazon.com/images/I/41FrDCDPB6S._SL500_.jpg" alt="Product Image"></a><p>Chemical Guys CLD_700_16 Mat Renew Rubber + Vinyl Floor Mat Cleaner And Protectant, Safe for Cars, Trucks, SUVs, Motorcycles, RVs & More, 16 fl oz</p><p>$10.99 ($0.69 / Fl Oz)</p><a href="https://www.amazon.com/dp/B01C6AISUK?tag=eloabder-20&linkCode=osi&th=1&psc=1">View Product</a></div><div class="product"><a href="https://www.amazon.com/dp/B01N76S0A7?tag=eloabder-20&linkCode=osi&th=1&psc=1"><img src="https://m.media-amazon.com/images/I/51jurhYPCgL._SL500_.jpg" alt="Product Image"></a><p>Chemical Guys HOL131 Premium Chenille Microfiber Car Wash Mop and Heavy Duty Extendable Pole Kit (Great for RVs, Trucks, SUVs, Jeeps & Large Vehicles), With Mr. Pink Foaming Car Wash Soap - 4 fl oz</p><p>$49.99</p><a href="https://www.amazon.com/dp/B01N76S0A7?tag=eloabder-20&linkCode=osi&th=1&psc=1">View Product</a></div><div class="product"><a href="https://www.amazon.com/dp/B009OTW646?tag=eloabder-20&linkCode=osi&th=1&psc=1"><img src="https://m.media-amazon.com/images/I/41lG36UqLBL._SL500_.jpg" alt="Product Image"></a><p>Chemical Guys CWS 110 Honeydew Snow Foam Car Wash Soap (Works with Foam Cannons, Guns or Bucket Washes) Safe for Trucks, Motorcycles, RVs & More, 128 fl oz (1 Gallon), Honeydew Scent</p><p>$39.99 ($0.31 / Fl Oz)</p><a href="https://www.amazon.com/dp/B009OTW646?tag=eloabder-20&linkCode=osi&th=1&psc=1">View Product</a></div><div class="product"><a href="https://www.amazon.com/dp/B08P54Z2C2?tag=eloabder-20&linkCode=osi&th=1&psc=1"><img src="https://m.media-amazon.com/images/I/41Ra65iS2OL._SL500_.jpg" alt="Product Image"></a><p>Chemical Guys WAC23316 HydroSpeed Ceramic Quick Detailer, Safe for Cars, Trucks, SUVs, Motorcycles, RVs & More, 16 fl oz</p><p>$24.99</p><a href="https://www.amazon.com/dp/B08P54Z2C2?tag=eloabder-20&linkCode=osi&th=1&psc=1">View Product</a></div>
<div class="product"><a href="https://www.amazon.com/dp/B0C7WLPQC7?tag=eloabder-20&linkCode=osi&th=1&psc=1"><img src="https://m.media-amazon.com/images/I/41hJeSxsSWL._SL500_.jpg" alt="Product Image"></a><p>Detail King Car Odor Removal - Chlorine Dioxide Cup - Extreme Odor Eliminator For Car - Safe And Easy To Use (3 Oz (Pack of 1) - Plastic)</p><p>$24.95 ($8.32 / Ounce)</p><a href="https://www.amazon.com/dp/B0C7WLPQC7?tag=eloabder-20&linkCode=osi&th=1&psc=1">View Product</a></div>

<div class="product"><a href="https://www.amazon.com/dp/B0052XFWCG?tag=eloabder-20&linkCode=osi&th=1&psc=1"><img src="https://m.media-amazon.com/images/I/41qajeJVXLL._SL500_.jpg" alt="Product Image"></a><p>Hot Shot's Secret HSS64Z Original Stiction Eliminator 64 Fluid Ounce Bottle, Green</p><p>$53.45 ($0.84 / Fl Oz)</p><a href="https://www.amazon.com/dp/B0052XFWCG?tag=eloabder-20&linkCode=osi&th=1&psc=1">View Product</a></div><div class="product"><a href="https://www.amazon.com/dp/B009M64CAW?tag=eloabder-20&linkCode=osi&th=1&psc=1"><img src="https://m.media-amazon.com/images/I/417D8X0nkBL._SL500_.jpg" alt="Product Image"></a><p>Lucas Oil 10679 Hot Rod & Classic Car SAE 10W-30 Motor Oil - 5 Quart</p><p>$38.50 ($0.24 / Fl Oz)</p><a href="https://www.amazon.com/dp/B009M64CAW?tag=eloabder-20&linkCode=osi&th=1&psc=1">View Product</a></div><div class="product"><a href="https://www.amazon.com/dp/B01L9ARY9O?tag=eloabder-20&linkCode=osi&th=1&psc=1"><img src="https://m.media-amazon.com/images/I/51yaZAYH75L._SL500_.jpg" alt="Product Image"></a><p>FPPF Chemical Co 00161 16 OZ HOT 4-in-1 Heating Oil Treatment (2 Bottles)</p><p>$26.42</p><a href="https://www.amazon.com/dp/B01L9ARY9O?tag=eloabder-20&linkCode=osi&th=1&psc=1">View Product</a></div><div class="product"><a href="https://www.amazon.com/dp/B009M64CUM?tag=eloabder-20&linkCode=osi&th=1&psc=1"><img src="https://m.media-amazon.com/images/I/41yiWaF8YQL._SL500_.jpg" alt="Product Image"></a><p>Lucas Oil 10683 Hot Rod & Classic Car SAE 10W-40 Motor Oil - 5 Quart</p><p>$43.24 ($0.27 / Fl Oz)</p><a href="https://www.amazon.com/dp/B009M64CUM?tag=eloabder-20&linkCode=osi&th=1&psc=1">View Product</a></div><div class="product"><a href="https://www.amazon.com/dp/B0973HNRH9?tag=eloabder-20&linkCode=osi&th=1&psc=1"><img src="https://m.media-amazon.com/images/I/41kyGGJa--L._SL500_.jpg" alt="Product Image"></a><p>Hot Shot's Secret FR3 Friction Reducer 64 Fluid Ounce 2 Quarts, Light Yellow Liquid, (HSSFR364Z)</p><p>$59.73 ($0.93 / Fl Oz)</p><a href="https://www.amazon.com/dp/B0973HNRH9?tag=eloabder-20&linkCode=osi&th=1&psc=1">View Product</a></div><div class="product"><a href="https://www.amazon.com/dp/B082YFQQ25?tag=eloabder-20&linkCode=osi&th=1&psc=1"><img src="https://m.media-amazon.com/images/I/511PTX7LlZL._SL500_.jpg" alt="Product Image"></a><p>Hot Shot's Secret Green Diamond 100 Percent Synthetic 15W40 Oil Diesel 1 Gallon</p><p>$39.99 ($0.31 / Fl Oz)</p><a href="https://www.amazon.com/dp/B082YFQQ25?tag=eloabder-20&linkCode=osi&th=1&psc=1">View Product</a></div>















<div class="product"><a href="https://www.amazon.com/dp/B08PTMXCJL?tag=eloabder-20&linkCode=osi&th=1&psc=1"><img src="https://m.media-amazon.com/images/I/410eJv-7UHL._SL500_.jpg" alt="Product Image"></a><p>Moly Grease | 3% Molybdenum Disulfide | Fifth Wheel | 5th | Automotive | Tractor | Axle | Spline | CV Joint | Lithium EP Grease | High Temp | 35 LB Pail Bucket | Black Moly | NLGI 2 | HeavyDuty Moly</p><p>$174.99 ($0.31 / Ounce)</p><a href="https://www.amazon.com/dp/B08PTMXCJL?tag=eloabder-20&linkCode=osi&th=1&psc=1">View Product</a></div><div class="product"><a href="https://www.amazon.com/dp/B08PTHJTK5?tag=eloabder-20&linkCode=osi&th=1&psc=1"><img src="https://m.media-amazon.com/images/I/41VdMjJ38aL._SL500_.jpg" alt="Product Image"></a><p>Wheel Bearing Grease Pail | Lithium Complex | High Temp EP | CV Joint | Axle | Automotive | Tractor | Truck | Ball Joint | Marine Boat | Gear | Heavy Duty | Blue | 35 LB Bucket | NLGI 2 | MultiPurpose</p><p>$167.99 ($0.30 / Ounce)</p><a href="https://www.amazon.com/dp/B08PTHJTK5?tag=eloabder-20&linkCode=osi&th=1&psc=1">View Product</a></div><div class="product"><a href="https://www.amazon.com/dp/B0013J1UA6?tag=eloabder-20&linkCode=osi&th=1&psc=1"><img src="https://m.media-amazon.com/images/I/41G0Fkf7KnL._SL500_.jpg" alt="Product Image"></a><p>CRC Food Grade Chain Lube 03055 – 12 Wt. Oz. Aerosol, NSF H1 Gear, Chain, and Wire Lubricant</p><p>$19.25 ($1.60 / Ounce)</p><a href="https://www.amazon.com/dp/B0013J1UA6?tag=eloabder-20&linkCode=osi&th=1&psc=1">View Product</a></div>





<div class="product"><a href="https://www.amazon.com/dp/B08GQ9G2V5?tag=eloabder-20&linkCode=osi&th=1&psc=1"><img src="https://m.media-amazon.com/images/I/511+rapOlWL._SL500_.jpg" alt="Product Image"></a><p>Armor All Car Air Freshener and Purifier, Car Odor Eliminator, 1.5 Ounce (Pack of 3)</p><p>$21.21 ($4.71 / Ounce)</p><a href="https://www.amazon.com/dp/B08GQ9G2V5?tag=eloabder-20&linkCode=osi&th=1&psc=1">View Product</a></div>







<div class="product"><a href="https://www.amazon.com/dp/B001229JCU?tag=eloabder-20&linkCode=osi&th=1&psc=1"><img src="https://m.media-amazon.com/images/I/31W6FuKPMcL._SL500_.jpg" alt="Product Image"></a><p>First Alert EZ Fire Spray, Extinguishing Aerosol Spray, AF400 Red 18 Ounce (Pack of 1)</p><p>$12.49</p><a href="https://www.amazon.com/dp/B001229JCU?tag=eloabder-20&linkCode=osi&th=1&psc=1">View Product</a></div><div class="product"><a href="https://www.amazon.com/dp/B002U0KGDY?tag=eloabder-20&linkCode=osi&th=1&psc=1"><img src="https://m.media-amazon.com/images/I/51p6R+mcRhL._SL500_.jpg" alt="Product Image"></a><p>First Alert EZ Fire Spray, Extinguishing Aerosol Spray, Pack of 2, AF400-2, RED</p><p>$27.02</p><a href="https://www.amazon.com/dp/B002U0KGDY?tag=eloabder-20&linkCode=osi&th=1&psc=1">View Product</a></div>
<div class="product"><a href="https://www.amazon.com/dp/B0088LVBUQ?tag=eloabder-20&linkCode=osi&th=1&psc=1"><img src="https://m.media-amazon.com/images/I/31h7l-l6u2L._SL500_.jpg" alt="Product Image"></a><p>Seymour EN-59 Hi-Tech Engine Spray Paint, General Motors Red</p><p>$9.08 ($0.76 / Ounce)</p><a href="https://www.amazon.com/dp/B0088LVBUQ?tag=eloabder-20&linkCode=osi&th=1&psc=1">View Product</a></div>




<div class="product"><a href="https://www.amazon.com/dp/B000HBNU9K?tag=eloabder-20&linkCode=osi&th=1&psc=1"><img src="https://m.media-amazon.com/images/I/41URzfKaVsL._SL500_.jpg" alt="Product Image"></a><p>Permatex 27828 Body Shop Heavy Duty Headliner Adhesive, High-Strength Spray Adhesive, Repair Detached Or Loose Interior Parts, Dries Clear, Aerosol Can, 16.75 Oz</p><p>$17.05 ($1.02 / Ounce)</p><a href="https://www.amazon.com/dp/B000HBNU9K?tag=eloabder-20&linkCode=osi&th=1&psc=1">View Product</a></div><div class="product"><a href="https://www.amazon.com/dp/B001VXXEXU?tag=eloabder-20&linkCode=osi&th=1&psc=1"><img src="https://m.media-amazon.com/images/I/5112onMwzaL._SL500_.jpg" alt="Product Image"></a><p>Vibra-TITE 213 Red VC-3 Original Threadmate, 250ml Can</p><p>$99.19</p><a href="https://www.amazon.com/dp/B001VXXEXU?tag=eloabder-20&linkCode=osi&th=1&psc=1">View Product</a></div><div class="product"><a href="https://www.amazon.com/dp/B0CWPSLTR1?tag=eloabder-20&linkCode=osi&th=1&psc=1"><img src="https://m.media-amazon.com/images/I/31ytleZjjaL._SL500_.jpg" alt="Product Image"></a><p>P & S PROFESSIONAL DETAIL PRODUCTS - Terminator Enzyme Spot and Stain Remover - Perfect for Deodorizing, Removing Embedded Soils, Grease, Dirt, and Protein-Based Stains; Fresh Scent (1 Quart)</p><p>$25.95 ($0.81 / Fl Oz)</p><a href="https://www.amazon.com/dp/B0CWPSLTR1?tag=eloabder-20&linkCode=osi&th=1&psc=1">View Product</a></div><div class="product"><a href="https://www.amazon.com/dp/B07GFNQL9H?tag=eloabder-20&linkCode=osi&th=1&psc=1"><img src="https://m.media-amazon.com/images/I/41AA3Nbt8OL._SL500_.jpg" alt="Product Image"></a><p>Gunk FEB1 Foamy Engine Brite Engine Cleaner - 17oz. 2 Pack</p><p>$17.95 ($0.53 / Ounce)</p><a href="https://www.amazon.com/dp/B07GFNQL9H?tag=eloabder-20&linkCode=osi&th=1&psc=1">View Product</a></div>



<div class="product"><a href="https://www.amazon.com/dp/B003SKCARK?tag=eloabder-20&linkCode=osi&th=1&psc=1"><img src="https://m.media-amazon.com/images/I/41rvU5irgRL._SL500_.jpg" alt="Product Image"></a><p>Obenauf's Heavy Duty LP Leather Preservative (4oz)- All Natural Beeswax Oil Conditioner- Rejuvenate Restore & Preserve Sunfaded or Cracked Boots Jackets Saddles Car Auto Upholstery Furniture- USA Made</p><p>$15.99</p><a href="https://www.amazon.com/dp/B003SKCARK?tag=eloabder-20&linkCode=osi&th=1&psc=1">View Product</a></div>
Aucun résultat trouvé.

<div class="product"><a href="https://www.amazon.com/dp/B0CLWDDWHX?tag=eloabder-20&linkCode=osi&th=1&psc=1"><img src="https://m.media-amazon.com/images/I/51HPMtia03L._SL500_.jpg" alt="Product Image"></a><p>Fire Fix Fire Extinguisher for Home 5-Pack | Made in USA | Emergency Fire Spray Foam for Apartment, Boat, Camping, Car, House, Kitchen & Vehicle | Safety & Survival | Compact, Small, Safe & Easy Use</p><p>$56.95</p><a href="https://www.amazon.com/dp/B0CLWDDWHX?tag=eloabder-20&linkCode=osi&th=1&psc=1">View Product</a></div><div class="product"><a href="https://www.amazon.com/dp/B0CKZF9H3D?tag=eloabder-20&linkCode=osi&th=1&psc=1"><img src="https://m.media-amazon.com/images/I/41+Q4YdByuL._SL500_.jpg" alt="Product Image"></a><p>Firexo All Fires Fire Extinguisher - Multipurpose Mini Aerosol - Pack of 6 - Home, Kitchen, Car, Garage, Boat, Caravan, Camping Household, ABC, Vehicle, Compact, RV, Emergency Equipment (0.1 Gal)</p><p>$139.99</p><a href="https://www.amazon.com/dp/B0CKZF9H3D?tag=eloabder-20&linkCode=osi&th=1&psc=1">View Product</a></div>
Aucun résultat trouvé.
Aucun résultat trouvé.






<div class="product"><a href="https://www.amazon.com/dp/B00FOKOKMU?tag=eloabder-20&linkCode=osi&th=1&psc=1"><img src="https://m.media-amazon.com/images/I/41KsUW-6WOL._SL500_.jpg" alt="Product Image"></a><p>The Original Leather Recoloring Balm by Furniture Clinic - 16 Colors - Leather Repair Kit for Furniture - Restore Couches, Car Seats & More - Leather Dye for Scratched and Faded Leather (Beige)</p><p>$29.95</p><a href="https://www.amazon.com/dp/B00FOKOKMU?tag=eloabder-20&linkCode=osi&th=1&psc=1">View Product</a></div>


<div class="product"><a href="https://www.amazon.com/dp/B0BQX6CPLS?tag=eloabder-20&linkCode=osi&th=1&psc=1"><img src="https://m.media-amazon.com/images/I/51OtuHOIJpL._SL500_.jpg" alt="Product Image"></a><p>Dry Stop Fire Spray by Prepared Hero - 8 Pack - Portable Fire Extinguisher for Home, Car, Garage, Kitchen - Works on Electrical, Grease, Battery Fires & More - Compact, Easy to Use</p><p>$143.99</p><a href="https://www.amazon.com/dp/B0BQX6CPLS?tag=eloabder-20&linkCode=osi&th=1&psc=1">View Product</a></div><div class="product"><a href="https://www.amazon.com/dp/B0BQX76B9K?tag=eloabder-20&linkCode=osi&th=1&psc=1"><img src="https://m.media-amazon.com/images/I/51iHCSuHw5L._SL500_.jpg" alt="Product Image"></a><p>Vapor Clean Fire Spray by Prepared Hero - 8 Pack - Portable Fire Extinguisher for Home, Car, Garage, Kitchen - Works on Electrical, Grease, Battery Fires & More - Compact, Easy to Use</p><p>$143.99</p><a href="https://www.amazon.com/dp/B0BQX76B9K?tag=eloabder-20&linkCode=osi&th=1&psc=1">View Product</a></div><div class="product"><a href="https://www.amazon.com/dp/B0C32NVZJZ?tag=eloabder-20&linkCode=osi&th=1&psc=1"><img src="https://m.media-amazon.com/images/I/61coxTM3mSL._SL500_.jpg" alt="Product Image"></a><p>Houandg Water-Based Fire Extinguisher- 2 Pack Portable Solution for All Fire Types in Homes, Vehicles, Kitchens - Prevents Re-Ignition</p><p>$33.98</p><a href="https://www.amazon.com/dp/B0C32NVZJZ?tag=eloabder-20&linkCode=osi&th=1&psc=1">View Product</a></div>
<div class="product"><a href="https://www.amazon.com/dp/B00L3W1OAO?tag=eloabder-20&linkCode=osi&th=1&psc=1"><img src="https://m.media-amazon.com/images/I/414uILMLuaL._SL500_.jpg" alt="Product Image"></a><p>Pro F/X Rubber Mask Grease Wheel - 1 Ounce - Trauma</p><p>$27.01</p><a href="https://www.amazon.com/dp/B00L3W1OAO?tag=eloabder-20&linkCode=osi&th=1&psc=1">View Product</a></div>
<div class="product"><a href="https://www.amazon.com/dp/B0CZ16SHCH?tag=eloabder-20&linkCode=osi&th=1&psc=1"><img src="https://m.media-amazon.com/images/I/31pYxaz4gYL._SL500_.jpg" alt="Product Image"></a><p>P & S PROFESSIONAL DETAIL PRODUCTS - Rehab - Paint Correction Creme Safe for All Paint Types and with Multiple pad Types - Easy-to-use-Formula Works at Any Stage of Paint Correction - 1 Quart</p><p>$56.95</p><a href="https://www.amazon.com/dp/B0CZ16SHCH?tag=eloabder-20&linkCode=osi&th=1&psc=1">View Product</a></div><div class="product"><a href="https://www.amazon.com/dp/B082BG8HLX?tag=eloabder-20&linkCode=osi&th=1&psc=1"><img src="https://m.media-amazon.com/images/I/31OAXbv7QFL._SL500_.jpg" alt="Product Image"></a><p>Lithium Auto Elixirs Color Crush- A rather intense approach to an Instant Detailer, Infused with color enhancing technology - Extremely Hydrophobic ingredients, long lasting Instant Detailer</p><p>$19.95 ($1.25 / Fl Oz)</p><a href="https://www.amazon.com/dp/B082BG8HLX?tag=eloabder-20&linkCode=osi&th=1&psc=1">View Product</a></div><div class="product"><a href="https://www.amazon.com/dp/B07MTPWZ76?tag=eloabder-20&linkCode=osi&th=1&psc=1"><img src="https://m.media-amazon.com/images/I/41v5yubrqoL._SL500_.jpg" alt="Product Image"></a><p>Lithium Seal and Squeal Paint Sealant/Polish - Incredible Shine and Lasting Protection - Curable Amino Functional Polymers Fused with Si02 Ceramic Nano Technology -Lasts for up to 12 Months (16 oz)</p><p>$39.99 ($2.50 / Ounce)</p><a href="https://www.amazon.com/dp/B07MTPWZ76?tag=eloabder-20&linkCode=osi&th=1&psc=1">View Product</a></div><div class="product"><a href="https://www.amazon.com/dp/B07MVNX377?tag=eloabder-20&linkCode=osi&th=1&psc=1"><img src="https://m.media-amazon.com/images/I/31gEqFf7rhL._SL500_.jpg" alt="Product Image"></a><p>Leather Love - The Best Leather Conditioner On The Planet, Brings Old Leather Back To Life, All Natural Ingredients Mixed With Serious Science, Restores, Rehydrates, Protects (8oz)</p><p>$28.99 ($3.62 / Ounce)</p><a href="https://www.amazon.com/dp/B07MVNX377?tag=eloabder-20&linkCode=osi&th=1&psc=1">View Product</a></div><div class="product"><a href="https://www.amazon.com/dp/B07MTQP514?tag=eloabder-20&linkCode=osi&th=1&psc=1"><img src="https://m.media-amazon.com/images/I/311IYwH-oaL._SL500_.jpg" alt="Product Image"></a><p>Trim Serum- Plastic Restorer- Restores Even the Most Damaged Plastic, Rubber and Vinyl, Last For Months, Penetrates Plastic Pores Restoring Color. (16 Oz)</p><p>$36.99</p><a href="https://www.amazon.com/dp/B07MTQP514?tag=eloabder-20&linkCode=osi&th=1&psc=1">View Product</a></div><div class="product"><a href="https://www.amazon.com/dp/B07236X7TS?tag=eloabder-20&linkCode=osi&th=1&psc=1"><img src="https://m.media-amazon.com/images/I/51-mgxYD9kL._SL500_.jpg" alt="Product Image"></a><p>Skidmore's Biker Edition Leather Cream | All Natural Formula Cleans, Conditions, and Protects your Motorcycle | Made in USA</p><p>$44.98</p><a href="https://www.amazon.com/dp/B07236X7TS?tag=eloabder-20&linkCode=osi&th=1&psc=1">View Product</a></div><div class="product"><a href="https://www.amazon.com/dp/B001CS6HH4?tag=eloabder-20&linkCode=osi&th=1&psc=1"><img src="https://m.media-amazon.com/images/I/41wY0SB+DWL._SL500_.jpg" alt="Product Image"></a><p>Fiebing's Yellow Saddle Soap for Leather (3.5 oz Tin) - Leather Cleaner & Conditioner to Soften, Protect & Restore Leathercraft - Leather Soap for Car Seat, Couch, Shoe, Purse, Boot, Bag, & Saddles</p><p>$7.15 ($2.04 / Ounce)</p><a href="https://www.amazon.com/dp/B001CS6HH4?tag=eloabder-20&linkCode=osi&th=1&psc=1">View Product</a></div><div class="product"><a href="https://www.amazon.com/dp/B08RHZ1BKD?tag=eloabder-20&linkCode=osi&th=1&psc=1"><img src="https://m.media-amazon.com/images/I/21WKh31c4tL._SL500_.jpg" alt="Product Image"></a><p>Lithium Ignite After Wash - Conditions and Shines Surfaces as You Dry. Streak-Free Hydrophobic Formula adds Lubrication to Stop Micro Scratching While Surfaces pop with Color.</p><p>$21.99 ($1.37 / Fl Oz)</p><a href="https://www.amazon.com/dp/B08RHZ1BKD?tag=eloabder-20&linkCode=osi&th=1&psc=1">View Product</a></div><div class="product"><a href="https://www.amazon.com/dp/B0003A1T3E?tag=eloabder-20&linkCode=osi&th=1&psc=1"><img src="https://m.media-amazon.com/images/I/41042PKJ1ZL._SL500_.jpg" alt="Product Image"></a><p>URAD One step All-In-One Leather conditioner 140g - NEUTRAL</p><p>$16.13</p><a href="https://www.amazon.com/dp/B0003A1T3E?tag=eloabder-20&linkCode=osi&th=1&psc=1">View Product</a></div>

<div class="product"><a href="https://www.amazon.com/dp/B0B3NFH3QY?tag=eloabder-20&linkCode=osi&th=1&psc=1"><img src="https://m.media-amazon.com/images/I/51sKVZnP-WL._SL500_.jpg" alt="Product Image"></a><p>Little Joe 96427-6PK I Love Hockey New Car Scent Red Car Air Freshener A/C Vent Clip Uses Alcohol-Free Fragrance Oil is Non-Hazardous and Non-Toxic Plastic, Pack of 6</p><p>$21.99 ($3.66 / Count)</p><a href="https://www.amazon.com/dp/B0B3NFH3QY?tag=eloabder-20&linkCode=osi&th=1&psc=1">View Product</a></div><div class="product"><a href="https://www.amazon.com/dp/B072275K82?tag=eloabder-20&linkCode=osi&th=1&psc=1"><img src="https://m.media-amazon.com/images/I/41wDnF6SiAL._SL500_.jpg" alt="Product Image"></a><p>Little Joe 96404-6PK Fruit Scent, Car Air Freshener, Clips to A/C Air Vent, Alcohol-Free Fragrance Oil, Non-Hazardous and Non-Toxic Plastic, Set of 6</p><p>$16.60 ($2.77 / Count)</p><a href="https://www.amazon.com/dp/B072275K82?tag=eloabder-20&linkCode=osi&th=1&psc=1">View Product</a></div><div class="product"><a href="https://www.amazon.com/dp/B0CQPQ2S4W?tag=eloabder-20&linkCode=osi&th=1&psc=1"><img src="https://m.media-amazon.com/images/I/31iRknmvjeL._SL500_.jpg" alt="Product Image"></a><p>Little Pup 96613 Blue Raspberry Slushy Scent Car Air Freshener A/C Vent Clip Uses Alcohol-Free Fragrance Oil is Non Hazardous and Non Toxic, Pack of 1</p><p>$3.94</p><a href="https://www.amazon.com/dp/B0CQPQ2S4W?tag=eloabder-20&linkCode=osi&th=1&psc=1">View Product</a></div><div class="product"><a href="https://www.amazon.com/dp/B0CQPNMTM4?tag=eloabder-20&linkCode=osi&th=1&psc=1"><img src="https://m.media-amazon.com/images/I/41eEovL+zML._SL500_.jpg" alt="Product Image"></a><p>Little Joe 96414-6PK Orange Creamsicle Scent Car Air Freshener A/C Vent Clip Uses Alcohol-Free Fragrance Oil is Non-Hazardous and Non-Toxic Plastic, Pack of 6</p><p>$25.99 ($4.33 / Count)</p><a href="https://www.amazon.com/dp/B0CQPNMTM4?tag=eloabder-20&linkCode=osi&th=1&psc=1">View Product</a></div><div class="product"><a href="https://www.amazon.com/dp/B0CH9KNNZN?tag=eloabder-20&linkCode=osi&th=1&psc=1"><img src="https://m.media-amazon.com/images/I/41jX66PGMTL._SL500_.jpg" alt="Product Image"></a><p>TAKAVU Clay Bars Auto Detailing 2 Pack X 100g, Premium Grade Material, Magic Clay Bar Cleaner for Cars, RV, Boat and Bus (Grey)</p><p>$9.99</p><a href="https://www.amazon.com/dp/B0CH9KNNZN?tag=eloabder-20&linkCode=osi&th=1&psc=1">View Product</a></div>

<div class="product"><a href="https://www.amazon.com/dp/B004UM6DLE?tag=eloabder-20&linkCode=osi&th=1&psc=1"><img src="https://m.media-amazon.com/images/I/314nawyx6sL._SL500_.jpg" alt="Product Image"></a><p>CARPRO IronX Iron Remover: Stops Rust Spots and Pre-Mature Failure of The Clear Coat, Iron Contaminant Removal - 500mL with Sprayer (17oz)</p><p>$26.78</p><a href="https://www.amazon.com/dp/B004UM6DLE?tag=eloabder-20&linkCode=osi&th=1&psc=1">View Product</a></div><div class="product"><a href="https://www.amazon.com/dp/B01HXZXO98?tag=eloabder-20&linkCode=osi&th=1&psc=1"><img src="https://m.media-amazon.com/images/I/41Ne9OfQGzL._SL500_.jpg" alt="Product Image"></a><p>Chemical Guys CWS80316 Clean Slate Deep Surface Cleaning Car Wash Soap (Removes Old Car Waxes, Glazes & Sealants for Superior Surface Prep), 16 fl oz, Citrus Scent</p><p>$11.99 ($0.75 / Fl Oz)</p><a href="https://www.amazon.com/dp/B01HXZXO98?tag=eloabder-20&linkCode=osi&th=1&psc=1">View Product</a></div><div class="product"><a href="https://www.amazon.com/dp/B07C39H9YX?tag=eloabder-20&linkCode=osi&th=1&psc=1"><img src="https://m.media-amazon.com/images/I/31yK3Vb5xWL._SL500_.jpg" alt="Product Image"></a><p>Adam's Polishes Iron Remover (16oz) - Iron Out Fallout Rust Remover Spray for Car Detailing | Remove Iron Particles in Car Paint, Motorcycle, RV & Boat | Use Before Clay Bar, Car Wax or Car Wash</p><p>$16.99</p><a href="https://www.amazon.com/dp/B07C39H9YX?tag=eloabder-20&linkCode=osi&th=1&psc=1">View Product</a></div><div class="product"><a href="https://www.amazon.com/dp/B0BTJ9DJM5?tag=eloabder-20&linkCode=osi&th=1&psc=1"><img src="https://m.media-amazon.com/images/I/41tNMqlDrxL._SL500_.jpg" alt="Product Image"></a><p>Torque Detail Decon Wash Pack - Decontamination Soap 8oz + Wash Mitt - Surface Strip Wash Car Shampoo - Highly Absorbent Microfiber Chenille Car Wash Mitt Safely Cleans Your Vehicles Entire Surface</p><p>$24.95 ($3.12 / Fl Oz)</p><a href="https://www.amazon.com/dp/B0BTJ9DJM5?tag=eloabder-20&linkCode=osi&th=1&psc=1">View Product</a></div><div class="product"><a href="https://www.amazon.com/dp/B013K5V9PQ?tag=eloabder-20&linkCode=osi&th=1&psc=1"><img src="https://m.media-amazon.com/images/I/41V3rm6NlZL._SL500_.jpg" alt="Product Image"></a><p>CARPRO PolyShave Decon Towel - Car Detailing Clay Decontamination Faster than Clay Bar, Clean & Release of Paint Contaminants and Glass - Increase Wax and Sealant Bond - 12" x 12" (1 Pack)</p><p>$39.97</p><a href="https://www.amazon.com/dp/B013K5V9PQ?tag=eloabder-20&linkCode=osi&th=1&psc=1">View Product</a></div><div class="product"><a href="https://www.amazon.com/dp/B0B788NBWG?tag=eloabder-20&linkCode=osi&th=1&psc=1"><img src="https://m.media-amazon.com/images/I/51NDfAOuEmL._SL500_.jpg" alt="Product Image"></a><p>P & S Professional Detail Products - Clay Decontamination Towel - Effective Cleaning & Release of Paint Contaminants; Increase Wax & Sealant Bond; Enhance Gloss & Depth of Color; Fine Grade-12" x 12"</p><p>$34.95</p><a href="https://www.amazon.com/dp/B0B788NBWG?tag=eloabder-20&linkCode=osi&th=1&psc=1">View Product</a></div><div class="product"><a href="https://www.amazon.com/dp/B0B27TFK69?tag=eloabder-20&linkCode=osi&th=1&psc=1"><img src="https://m.media-amazon.com/images/I/41zJPQIcqeL._SL500_.jpg" alt="Product Image"></a><p>The Rag Company - Ultra Clay Decontamination Mitt - Easy to Use; Effective Cleaning & Release of Paint Contaminants; Increase Wax & Sealant Bond; Enhance Gloss &Color Depth; Fine Grade (8.7"x5.7")</p><p>$34.95</p><a href="https://www.amazon.com/dp/B0B27TFK69?tag=eloabder-20&linkCode=osi&th=1&psc=1">View Product</a></div><div class="product"><a href="https://www.amazon.com/dp/B0C6XBN14N?tag=eloabder-20&linkCode=osi&th=1&psc=1"><img src="https://m.media-amazon.com/images/I/31BSavOJ89L._SL500_.jpg" alt="Product Image"></a><p>3D Iron Remover GLW Series | DIY Car Detailing | Hyper Effective Wheel Decontamination | Removes Iron Particles, Dirt, Brake Dust | Rapid Results | Ultimate Iron & Surface Contaminate Eliminator, 16oz</p><p>$17.99</p><a href="https://www.amazon.com/dp/B0C6XBN14N?tag=eloabder-20&linkCode=osi&th=1&psc=1">View Product</a></div>







<div class="product"><a href="https://www.amazon.com/dp/B0D2SPCW3G?tag=eloabder-20&linkCode=osi&th=1&psc=1"><img src="https://m.media-amazon.com/images/I/41JYIg6xqqL._SL500_.jpg" alt="Product Image"></a><p>Crankcase Ventilation Oil Separator with Gasket Compatible for 2008-2014 Volvo Mack D13 D16 MP8 Engine Replace 21122541 20499419</p><p>$155.99</p><a href="https://www.amazon.com/dp/B0D2SPCW3G?tag=eloabder-20&linkCode=osi&th=1&psc=1">View Product</a></div>

<div class="product"><a href="https://www.amazon.com/dp/B0C6M2FHGX?tag=eloabder-20&linkCode=osi&th=1&psc=1"><img src="https://m.media-amazon.com/images/I/21wWRrpHdbL._SL500_.jpg" alt="Product Image"></a><p>eMagTech 9PCS Warning Sign Please No Smoking Vaping Food Drink Stickers 110x50mm Self-Adhesive Vinyl Window Decal for Car Taxis Buses Minibuses</p><p>$9.49</p><a href="https://www.amazon.com/dp/B0C6M2FHGX?tag=eloabder-20&linkCode=osi&th=1&psc=1">View Product</a></div>

Aucun résultat trouvé.

<div class="product"><a href="https://www.amazon.com/dp/B0CVWZZMRY?tag=eloabder-20&linkCode=osi&th=1&psc=1"><img src="https://m.media-amazon.com/images/I/512y-1GwQNL._SL500_.jpg" alt="Product Image"></a><p>Jewkot 4 PCS Car Wiper Strip, 28" Boneless Structure Car Windshield Cleaning Wiper Strip, DIY Length Auxiliary Cleaning Replacement Accessory, Suitable for Most Cars, Vans, Trucks, Buses (Black)</p><p>$5.58</p><a href="https://www.amazon.com/dp/B0CVWZZMRY?tag=eloabder-20&linkCode=osi&th=1&psc=1">View Product</a></div>
<div class="product"><a href="https://www.amazon.com/dp/B07L3VQC6W?tag=eloabder-20&linkCode=osi&th=1&psc=1"><img src="https://m.media-amazon.com/images/I/41GebP+2HYL._SL500_.jpg" alt="Product Image"></a><p>BRISA VW Collection Volkswagen Air Freshener, Room Freshener, Deodorizer for Cars T1 Bus Campervan Motif (Citrus/Yellow/Set of 2)</p><p>$13.90 ($6.95 / Count)</p><a href="https://www.amazon.com/dp/B07L3VQC6W?tag=eloabder-20&linkCode=osi&th=1&psc=1">View Product</a></div><div class="product"><a href="https://www.amazon.com/dp/B07L3V86JS?tag=eloabder-20&linkCode=osi&th=1&psc=1"><img src="https://m.media-amazon.com/images/I/41TblWhKhQL._SL500_.jpg" alt="Product Image"></a><p>BRISA VW Collection Volkswagen Air Freshener, Room Freshener, Deodorizer for Cars T1 Bus Campervan Motif (New Car/Green/Set of 2)</p><p>$13.90 ($6.95 / Count)</p><a href="https://www.amazon.com/dp/B07L3V86JS?tag=eloabder-20&linkCode=osi&th=1&psc=1">View Product</a></div>


Aucun résultat trouvé.










<div class="product"><a href="https://www.amazon.com/dp/B099HL5SV2?tag=eloabder-20&linkCode=osi&th=1&psc=1"><img src="https://m.media-amazon.com/images/I/31kcR8HnylL._SL500_.jpg" alt="Product Image"></a><p>Philips GoPure GP5212 High Performance HEPA Air Purifier for Car, Removes up to 100 Pollutants, Exhaust Fumes, VOCs, Smoke, Bad Odors, Bacteria and Viruses</p><p>$77.59</p><a href="https://www.amazon.com/dp/B099HL5SV2?tag=eloabder-20&linkCode=osi&th=1&psc=1">View Product</a></div><div class="product"><a href="https://www.amazon.com/dp/B07TB419F7?tag=eloabder-20&linkCode=osi&th=1&psc=1"><img src="https://m.media-amazon.com/images/I/41l9XK-u-eL._SL500_.jpg" alt="Product Image"></a><p>Enoch Ionic Car Air Purifier with Dual USB Car Charger. Car Air Freshener Eliminates Odor, Dust. Removes Smoke, Pet and Food Odor. Ionic Ozone Car Deodorizer (Matt Black)</p><p>$24.50</p><a href="https://www.amazon.com/dp/B07TB419F7?tag=eloabder-20&linkCode=osi&th=1&psc=1">View Product</a></div><div class="product"><a href="https://www.amazon.com/dp/B08C9LKKMM?tag=eloabder-20&linkCode=osi&th=1&psc=1"><img src="https://m.media-amazon.com/images/I/41uJDRzxfrL._SL500_.jpg" alt="Product Image"></a><p>4WDKING Car Air Purifier Ionizer, 12V Plug-in Car Air Freshener Gadgets with Dual USB Charger Removes Cigarette Smoke, Pet and Food Odor, Ionic Ozone (Black)</p><p>$22.99</p><a href="https://www.amazon.com/dp/B08C9LKKMM?tag=eloabder-20&linkCode=osi&th=1&psc=1">View Product</a></div><div class="product"><a href="https://www.amazon.com/dp/B07C7D366L?tag=eloabder-20&linkCode=osi&th=1&psc=1"><img src="https://m.media-amazon.com/images/I/51GvjMcOskL._SL500_.jpg" alt="Product Image"></a><p>Car Air Purifier Ionizer - 12V Plug-in Ionic Anti-Microbial Car Deodorizer with Dual USB Charger - Smoke Smell, Pet and Food Odors, Allergens, Viruses Eliminator for Car (Matte Silver)</p><p>$24.99</p><a href="https://www.amazon.com/dp/B07C7D366L?tag=eloabder-20&linkCode=osi&th=1&psc=1">View Product</a></div><div class="product"><a href="https://www.amazon.com/dp/B086H3FW7T?tag=eloabder-20&linkCode=osi&th=1&psc=1"><img src="https://m.media-amazon.com/images/I/51FfQTz4koL._SL500_.jpg" alt="Product Image"></a><p>bmbu 1000g Large Bamboo Charcoal Air Purifier Bag - Car Deodorizer/Car Freshener - Remove Odor and Control Moisture in Your RV, Camper, SUV, Car, Truck, Closet, Mobile Home, Storage - Non Fragrant</p><p>$22.99 ($0.65 / Ounce)</p><a href="https://www.amazon.com/dp/B086H3FW7T?tag=eloabder-20&linkCode=osi&th=1&psc=1">View Product</a></div><div class="product"><a href="https://www.amazon.com/dp/B019NXUJ5K?tag=eloabder-20&linkCode=osi&th=1&psc=1"><img src="https://m.media-amazon.com/images/I/31grLw6pdUL._SL500_.jpg" alt="Product Image"></a><p>PURGGO Car Air Freshener - Lasts 365+ Days No Chemicals 100% Activated Bamboo Charcoal Fragrance-Free Deodorizer, Natural Auto Odor Eliminator, Purifier, Neutralizer, Absorb Smoke Smell</p><p>$25.99</p><a href="https://www.amazon.com/dp/B019NXUJ5K?tag=eloabder-20&linkCode=osi&th=1&psc=1">View Product</a></div><div class="product"><a href="https://www.amazon.com/dp/B0CT5TBKH5?tag=eloabder-20&linkCode=osi&th=1&psc=1"><img src="https://m.media-amazon.com/images/I/41UB7n6FuwL._SL500_.jpg" alt="Product Image"></a><p>Timgle 1 Pack Car Air Freshener, Lasts 365+ Days, No Chemicals 100% Activated Bamboo Charcoal Fragrance, Free Deodorizer, Natural Auto Odor Eliminator, Purifier, Neutralizer (Khaki Strap)</p><p>$10.99</p><a href="https://www.amazon.com/dp/B0CT5TBKH5?tag=eloabder-20&linkCode=osi&th=1&psc=1">View Product</a></div><div class="product"><a href="https://www.amazon.com/dp/B00V4049K2?tag=eloabder-20&linkCode=osi&th=1&psc=1"><img src="https://m.media-amazon.com/images/I/51rLLMGOc6L._SL500_.jpg" alt="Product Image"></a><p>PURGGO Car Air Freshener - Auto Odor Eliminator - 100% Activated Bamboo Charcoal Air Purifier, Ionizer - Absorb and Remove Smoke Smell - Fragrance-Free Deodorizer - Lasts 365+ Days [Classic Beige]</p><p>$25.99</p><a href="https://www.amazon.com/dp/B00V4049K2?tag=eloabder-20&linkCode=osi&th=1&psc=1">View Product</a></div>









<div class="product"><a href="https://www.amazon.com/dp/B0D464228M?tag=eloabder-20&linkCode=osi&th=1&psc=1"><img src="https://m.media-amazon.com/images/I/315VtBe9l-L._SL500_.jpg" alt="Product Image"></a><p>Drift Car Air Freshener - Wood Air Freshener - Car Odor Eliminator - Open Air Scent Starter Kit</p><p>$11.95</p><a href="https://www.amazon.com/dp/B0D464228M?tag=eloabder-20&linkCode=osi&th=1&psc=1">View Product</a></div>
<div class="product"><a href="https://www.amazon.com/dp/B071HR14SJ?tag=eloabder-20&linkCode=osi&th=1&psc=1"><img src="https://m.media-amazon.com/images/I/41crypCefDL._SL500_.jpg" alt="Product Image"></a><p>Meguiar's Gold Class Car Wash Soap, Ultra-Rich Car Wash Soap and Conditioner for Car Cleaning, Car Wash Soap to Clean and Condition in One Easy Step, 1 Gallon Car Wash Soap</p><p>$24.99 ($0.20 / Ounce)</p><a href="https://www.amazon.com/dp/B071HR14SJ?tag=eloabder-20&linkCode=osi&th=1&psc=1">View Product</a></div><div class="product"><a href="https://www.amazon.com/dp/B085R9L9Q9?tag=eloabder-20&linkCode=osi&th=1&psc=1"><img src="https://m.media-amazon.com/images/I/41tAv1FNbZL._SL500_.jpg" alt="Product Image"></a><p>Armor All Extreme Shield Protectant Spray , Interior Car Cleaner with UV Protection Against Cracking and Fading, 16 Fl Oz</p><p>$8.98 ($0.56 / Fl Oz)</p><a href="https://www.amazon.com/dp/B085R9L9Q9?tag=eloabder-20&linkCode=osi&th=1&psc=1">View Product</a></div><div class="product"><a href="https://www.amazon.com/dp/B016NA9Y4S?tag=eloabder-20&linkCode=osi&th=1&psc=1"><img src="https://m.media-amazon.com/images/I/31oz8VJFdjL._SL500_.jpg" alt="Product Image"></a><p>Rain-X 5079281-2 Latitude 2-In-1 Wiper Blades, 26 Inch Windshield Wipers (Pack Of 1), Automotive Replacement Windshield Wiper Blades With Patented Rain-X Water Repellency Formula</p><p>$17.08</p><a href="https://www.amazon.com/dp/B016NA9Y4S?tag=eloabder-20&linkCode=osi&th=1&psc=1">View Product</a></div><div class="product"><a href="https://www.amazon.com/dp/B0D2PCCJVK?tag=eloabder-20&linkCode=osi&th=1&psc=1"><img src="https://m.media-amazon.com/images/I/41BFT-c3a9L._SL500_.jpg" alt="Product Image"></a><p>HoogaLife Car Air Freshener Diffuser – Revitalize Your Drive with Hanging Air Freshener Diffuser Aromatic Bliss On The Go(VANILLA CREAM)</p><p>$12.99 ($24.06 / Fl Oz)</p><a href="https://www.amazon.com/dp/B0D2PCCJVK?tag=eloabder-20&linkCode=osi&th=1&psc=1">View Product</a></div><div class="product"><a href="https://www.amazon.com/dp/B0D17SKCLF?tag=eloabder-20&linkCode=osi&th=1&psc=1"><img src="https://m.media-amazon.com/images/I/51VjaK8JNmL._SL500_.jpg" alt="Product Image"></a><p>AIDEA Car Wash Mitt Microfiber, 1PK-Scratch-Free& Lint-Free, Premium Chenille Microfiber Wash Mitt-Green Regular Size (7.12''X10.14'')</p><p>$5.99</p><a href="https://www.amazon.com/dp/B0D17SKCLF?tag=eloabder-20&linkCode=osi&th=1&psc=1">View Product</a></div>








<div class="product"><a href="https://www.amazon.com/dp/B00UZE8D00?tag=eloabder-20&linkCode=osi&th=1&psc=1"><img src="https://m.media-amazon.com/images/I/517VVkgvgcL._SL500_.jpg" alt="Product Image"></a><p>Chemical Guys HOL_996 Convertible Top Cleaner and Protectant Kit, 16 oz, 2 Items</p><p>$29.99</p><a href="https://www.amazon.com/dp/B00UZE8D00?tag=eloabder-20&linkCode=osi&th=1&psc=1">View Product</a></div><div class="product"><a href="https://www.amazon.com/dp/B004HCS4NW?tag=eloabder-20&linkCode=osi&th=1&psc=1"><img src="https://m.media-amazon.com/images/I/41j5b6xRqNL._SL500_.jpg" alt="Product Image"></a><p>Meguiar's Convertible Top Cleaner - Fabric Convertible Top Cleaner and Vinyl Convertible Top Cleaner in One Advanced Formula - Safely Removes Stains, Mildew, Bird Droppings, and More, 16 Oz</p><p>$6.87 ($0.43 / Ounce)</p><a href="https://www.amazon.com/dp/B004HCS4NW?tag=eloabder-20&linkCode=osi&th=1&psc=1">View Product</a></div><div class="product"><a href="https://www.amazon.com/dp/B00UZE80N0?tag=eloabder-20&linkCode=osi&th=1&psc=1"><img src="https://m.media-amazon.com/images/I/31FG83SK9SL._SL500_.jpg" alt="Product Image"></a><p>Chemical Guys SPI_193_16 Convertible Top Protectant and Repellent, (Helps Prevent Fading & Discoloration on Fabric Sot Tops) 16 fl oz (Packaging May Vary)</p><p>$19.99 ($1.25 / Fl Oz)</p><a href="https://www.amazon.com/dp/B00UZE80N0?tag=eloabder-20&linkCode=osi&th=1&psc=1">View Product</a></div><div class="product"><a href="https://www.amazon.com/dp/B00UZE8C1A?tag=eloabder-20&linkCode=osi&th=1&psc=1"><img src="https://m.media-amazon.com/images/I/31aLnXKZxfL._SL500_.jpg" alt="Product Image"></a><p>Chemical Guys ACC_S94 Convertible Top Horse Hair Cleaning Brush, Safe for Cloth Soft Tops, Upholstery, Leather, Furniture, & More</p><p>$14.99</p><a href="https://www.amazon.com/dp/B00UZE8C1A?tag=eloabder-20&linkCode=osi&th=1&psc=1">View Product</a></div><div class="product"><a href="https://www.amazon.com/dp/B000A8JNF0?tag=eloabder-20&linkCode=osi&th=1&psc=1"><img src="https://m.media-amazon.com/images/I/51PLChiVIrL._SL500_.jpg" alt="Product Image"></a><p>303 Products Convertible Fabric Top Cleaning and Care Kit - Cleans And Protects Fabric Tops - Includes Tonneau Cover And Convertible Top Cleaner 16 fl. oz. + Fabric Guard, (30520)</p><p>$32.79 ($1.02 / Fl Oz)</p><a href="https://www.amazon.com/dp/B000A8JNF0?tag=eloabder-20&linkCode=osi&th=1&psc=1">View Product</a></div>
<div class="product"><a href="https://www.amazon.com/dp/B0BCQ1XMWV?tag=eloabder-20&linkCode=osi&th=1&psc=1"><img src="https://m.media-amazon.com/images/I/41lV6Au-S9L._SL500_.jpg" alt="Product Image"></a><p>EMITHSUN® Windshield Wiper Blades Replacement for Honda Civic Coupe 2 Door 2005-2011,That Meet OEM Quality Front Wipers Blade Set for My Car-28"+24"(Set of 2)</p><p>$19.99</p><a href="https://www.amazon.com/dp/B0BCQ1XMWV?tag=eloabder-20&linkCode=osi&th=1&psc=1">View Product</a></div>
<div class="product"><a href="https://www.amazon.com/dp/B00I8ITVZG?tag=eloabder-20&linkCode=osi&th=1&psc=1"><img src="https://m.media-amazon.com/images/I/41TXd564pcL._SL500_.jpg" alt="Product Image"></a><p>ECOGARD XC36067 Premium Cabin Air Filter Fits Hyundai Genesis 2009-2016, Equus 2011-2016 | Genesis G80 2017-2021, G90 2019-2021, GV80 2021 | Kia K900 2020</p><p>$10.98</p><a href="https://www.amazon.com/dp/B00I8ITVZG?tag=eloabder-20&linkCode=osi&th=1&psc=1">View Product</a></div>

<div class="product"><a href="https://www.amazon.com/dp/B097C3NCP1?tag=eloabder-20&linkCode=osi&th=1&psc=1"><img src="https://m.media-amazon.com/images/I/41GXST2+s6L._SL500_.jpg" alt="Product Image"></a><p>Raidbee 12 inch Rear Wiper Blade Replacement for Toyota Corolla Hatchback 2022-2019, Nissan Versa 2019-2014 Back Windshield Wiper (H306/12-B)</p><p>$6.99</p><a href="https://www.amazon.com/dp/B097C3NCP1?tag=eloabder-20&linkCode=osi&th=1&psc=1">View Product</a></div>



<div class="product"><a href="https://www.amazon.com/dp/B0CQ4MLKHJ?tag=eloabder-20&linkCode=osi&th=1&psc=1"><img src="https://m.media-amazon.com/images/I/519f8covwQL._SL500_.jpg" alt="Product Image"></a><p>Feetiger All-in-1 Fire Extinguisher for Home, Kitchen, Car, Garage, RV, Truck, Boat, Camping, Fire Spray that Tackles Multiple Types of Fire, 2pack</p><p>$39.99</p><a href="https://www.amazon.com/dp/B0CQ4MLKHJ?tag=eloabder-20&linkCode=osi&th=1&psc=1">View Product</a></div>
<div class="product"><a href="https://www.amazon.com/dp/B07TS4JV6H?tag=eloabder-20&linkCode=osi&th=1&psc=1"><img src="https://m.media-amazon.com/images/I/412htpDd6fL._SL500_.jpg" alt="Product Image"></a><p>Police Flag Air Freshener, New Car Scent, 6-Pack</p><p>$9.99 ($1.66 / Count)</p><a href="https://www.amazon.com/dp/B07TS4JV6H?tag=eloabder-20&linkCode=osi&th=1&psc=1">View Product</a></div>


<div class="product"><a href="https://www.amazon.com/dp/B009EU5ZNO?tag=eloabder-20&linkCode=osi&th=1&psc=1"><img src="https://m.media-amazon.com/images/I/515MJLZbnoL._SL500_.jpg" alt="Product Image"></a><p>J-B Weld 50133 Plastic Bonder Structural Adhesive Syringe - Tan - 25 ml</p><p>$6.98 ($8.21 / Fl Oz)</p><a href="https://www.amazon.com/dp/B009EU5ZNO?tag=eloabder-20&linkCode=osi&th=1&psc=1">View Product</a></div>



<div class="product"><a href="https://www.amazon.com/dp/B09P6YZP72?tag=eloabder-20&linkCode=osi&th=1&psc=1"><img src="https://m.media-amazon.com/images/I/416rlvu+ayL._SL500_.jpg" alt="Product Image"></a><p>AUTOBOO 26"+20" Windshield Wipers with 16" Rear Wiper Blade Replacement for Dodge Grand Caravan 2008-2012 2013 2014 2015 2016 2017 2018 2019 -Original Factory Quality (Pack of 3)</p><p>$23.99</p><a href="https://www.amazon.com/dp/B09P6YZP72?tag=eloabder-20&linkCode=osi&th=1&psc=1">View Product</a></div><div class="product"><a href="https://www.amazon.com/dp/B0BLYQBDS8?tag=eloabder-20&linkCode=osi&th=1&psc=1"><img src="https://m.media-amazon.com/images/I/51SbpSR2zBL._SL500_.jpg" alt="Product Image"></a><p>A-Premium Engine Air Filter Compatible with Chrysler Town & Country & Dodge Grand Caravan & Ram C/V & Volkswagen Routan, 2011-2020, Flexible Panel, Replace# 4861737AA</p><p>$12.99</p><a href="https://www.amazon.com/dp/B0BLYQBDS8?tag=eloabder-20&linkCode=osi&th=1&psc=1">View Product</a></div>
<div class="product"><a href="https://www.amazon.com/dp/B001FCB4JS?tag=eloabder-20&linkCode=osi&th=1&psc=1"><img src="https://m.media-amazon.com/images/I/21wq6fxqiVL._SL500_.jpg" alt="Product Image"></a><p>Dicor BT-1834-1 Butyl Seal Tape - 1/8" x 3/4" x 30' Repair Tape for RV, Trailer, Motorhome, Window, and Vent Sealing</p><p>$13.15 ($0.44 / Foot)</p><a href="https://www.amazon.com/dp/B001FCB4JS?tag=eloabder-20&linkCode=osi&th=1&psc=1">View Product</a></div>
<div class="product"><a href="https://www.amazon.com/dp/B000BUQOD6?tag=eloabder-20&linkCode=osi&th=1&psc=1"><img src="https://m.media-amazon.com/images/I/41O0CoP1L3L._SL500_.jpg" alt="Product Image"></a><p>Camco Camper/RV Toilet Paper | Sewer-Safe, Septic-Safe & Biodegradable | Designed for Camper, Trailer & Marine Sanitation Systems | 1-Ply Tissue | 4 Toilet Paper Rolls – 280 Sheets per Roll (40275)</p><p>$5.99 ($2.14 / 100 Sheets)</p><a href="https://www.amazon.com/dp/B000BUQOD6?tag=eloabder-20&linkCode=osi&th=1&psc=1">View Product</a></div><div class="product"><a href="https://www.amazon.com/dp/B007JG1W1E?tag=eloabder-20&linkCode=osi&th=1&psc=1"><img src="https://m.media-amazon.com/images/I/41i-j99E9ML._SL500_.jpg" alt="Product Image"></a><p>Camco TST Camper / RV Grey Water Odor Control - Removes Grease Buildup in Gray Water Tank, Sink & Shower Drains - 4oz Treats 40-Gal Holding Tank - Safe Septic Tank Treatment - Lemon, 64 oz (40256)</p><p>$19.94 ($0.31 / Fl Oz)</p><a href="https://www.amazon.com/dp/B007JG1W1E?tag=eloabder-20&linkCode=osi&th=1&psc=1">View Product</a></div><div class="product"><a href="https://www.amazon.com/dp/B016V2OSD0?tag=eloabder-20&linkCode=osi&th=1&psc=1"><img src="https://m.media-amazon.com/images/I/31Jm99RYVXL._SL500_.jpg" alt="Product Image"></a><p>Camco TST MAX RV Toilet Treatment Drop-INs | Control Unwanted Odors and Break Down Waste and Tissue | Septic Tank Safe | Lavender Scent | 15-pack (41559)</p><p>$11.97 ($0.80 / Count)</p><a href="https://www.amazon.com/dp/B016V2OSD0?tag=eloabder-20&linkCode=osi&th=1&psc=1">View Product</a></div>






<div class="product"><a href="https://www.amazon.com/dp/B006GJYOL0?tag=eloabder-20&linkCode=osi&th=1&psc=1"><img src="https://m.media-amazon.com/images/I/41YPjiCzDfL._SL500_.jpg" alt="Product Image"></a><p>Boat Bling HS-0128 Hot Sauce Hard Water Spot Remover, Gallon Refill, for Boats, RVs, Powersport Vehicles and More, Black,1 Gallon</p><p>$54.95 ($0.43 / Fl Oz)</p><a href="https://www.amazon.com/dp/B006GJYOL0?tag=eloabder-20&linkCode=osi&th=1&psc=1">View Product</a></div><div class="product"><a href="https://www.amazon.com/dp/B0000AXVCB?tag=eloabder-20&linkCode=osi&th=1&psc=1"><img src="https://m.media-amazon.com/images/I/51gtsDb7zDL._SL500_.jpg" alt="Product Image"></a><p>Meguiar's M4364 Marine/RV Boat Wash - 64 Oz Container</p><p>$13.99 ($0.22 / Fl Oz)</p><a href="https://www.amazon.com/dp/B0000AXVCB?tag=eloabder-20&linkCode=osi&th=1&psc=1">View Product</a></div><div class="product"><a href="https://www.amazon.com/dp/B0007TR47G?tag=eloabder-20&linkCode=osi&th=1&psc=1"><img src="https://m.media-amazon.com/images/I/41Q4SzlVojL._SL500_.jpg" alt="Product Image"></a><p>Meguiar's Flagship Premium Marine Wax, Boat Polish and Oxidation Remover - 32 Oz Bottle</p><p>$21.49</p><a href="https://www.amazon.com/dp/B0007TR47G?tag=eloabder-20&linkCode=osi&th=1&psc=1">View Product</a></div><div class="product"><a href="https://www.amazon.com/dp/B006GJYLFY?tag=eloabder-20&linkCode=osi&th=1&psc=1"><img src="https://m.media-amazon.com/images/I/31G78TSjssL._SL500_.jpg" alt="Product Image"></a><p>Boat Bling Condition Sauce Premium Interior Moisturizer w/UV Protection, 32 oz.</p><p>$27.95</p><a href="https://www.amazon.com/dp/B006GJYLFY?tag=eloabder-20&linkCode=osi&th=1&psc=1">View Product</a></div><div class="product"><a href="https://www.amazon.com/dp/B006GJYKWI?tag=eloabder-20&linkCode=osi&th=1&psc=1"><img src="https://m.media-amazon.com/images/I/41AcDanNz-L._SL500_.jpg" alt="Product Image"></a><p>Boat Bling VS-0032 Vinyl Sauce Premium Vinyl and Leather Cleaner, 32 Oz., for Boats, RVs, Powersport Vehicles and More</p><p>$22.95 ($0.72 / Fl Oz)</p><a href="https://www.amazon.com/dp/B006GJYKWI?tag=eloabder-20&linkCode=osi&th=1&psc=1">View Product</a></div>
<div class="product"><a href="https://www.amazon.com/dp/B004OJTEKK?tag=eloabder-20&linkCode=osi&th=1&psc=1"><img src="https://m.media-amazon.com/images/I/41q8kkNiKOL._SL500_.jpg" alt="Product Image"></a><p>Shurhold Yacht Brite YBP-0302 Brite Wash - 1 Gallon</p><p>$23.97 ($0.19 / Fl Oz)</p><a href="https://www.amazon.com/dp/B004OJTEKK?tag=eloabder-20&linkCode=osi&th=1&psc=1">View Product</a></div>




<div class="product"><a href="https://www.amazon.com/dp/B0B2RDZNZB?tag=eloabder-20&linkCode=osi&th=1&psc=1"><img src="https://m.media-amazon.com/images/I/51RVSUoRuGL._SL500_.jpg" alt="Product Image"></a><p>Fancemot Helicopter Car Air Fresheners Rotating Solar Car Fresheners Airplane Car Perfume (Osmanthus & Vanilla)</p><p>$14.08</p><a href="https://www.amazon.com/dp/B0B2RDZNZB?tag=eloabder-20&linkCode=osi&th=1&psc=1">View Product</a></div><div class="product"><a href="https://www.amazon.com/dp/B0994PG1ZD?tag=eloabder-20&linkCode=osi&th=1&psc=1"><img src="https://m.media-amazon.com/images/I/413er0A8cVS._SL500_.jpg" alt="Product Image"></a><p>NICEADA Car Air Freshener, Helicopter Solar Energy Rotating Aromatherapy Aviation Al Alloy Diffuser, Interior Decoration Accessories Diffuser for Car and Home (Silver)</p><p>$23.99</p><a href="https://www.amazon.com/dp/B0994PG1ZD?tag=eloabder-20&linkCode=osi&th=1&psc=1">View Product</a></div><div class="product"><a href="https://www.amazon.com/dp/B09ZTMZKSJ?tag=eloabder-20&linkCode=osi&th=1&psc=1"><img src="https://m.media-amazon.com/images/I/41rz5PydC9L._SL500_.jpg" alt="Product Image"></a><p>Air Freshener, Gigicloud Car Fragrance Diffuser Solar Rotating Automotive Air Fresheners Ornament Helicopter Shape Solid Aromatherapy Decoration for Car and Home (Black)</p><p>$15.49</p><a href="https://www.amazon.com/dp/B09ZTMZKSJ?tag=eloabder-20&linkCode=osi&th=1&psc=1">View Product</a></div><div class="product"><a href="https://www.amazon.com/dp/B0CWNNPCD3?tag=eloabder-20&linkCode=osi&th=1&psc=1"><img src="https://m.media-amazon.com/images/I/51nznnJJhfL._SL500_.jpg" alt="Product Image"></a><p>Car Air Freshener Diffuser, KaiDengZhe 1PCS Helicopter Solar Energy Rotating Aromatherapy Aviation Al Alloy Diffuser, Car Diffuser for Essential Oils, Relieve Stress and Purifie Odors for Car and Home</p><p>$15.99</p><a href="https://www.amazon.com/dp/B0CWNNPCD3?tag=eloabder-20&linkCode=osi&th=1&psc=1">View Product</a></div><div class="product"><a href="https://www.amazon.com/dp/B0B8T47G65?tag=eloabder-20&linkCode=osi&th=1&psc=1"><img src="https://m.media-amazon.com/images/I/41d6cgVheqL._SL500_.jpg" alt="Product Image"></a><p>Joyfunky Car Air Fresheners with Solar Rotating, Creative Car Perfume Decoration, Relieve Stress and Purifie Odors, Use at Car, office and Home, Silver</p><p>$12.99</p><a href="https://www.amazon.com/dp/B0B8T47G65?tag=eloabder-20&linkCode=osi&th=1&psc=1">View Product</a></div><div class="product"><a href="https://www.amazon.com/dp/B0D4ZHJVK8?tag=eloabder-20&linkCode=osi&th=1&psc=1"><img src="https://m.media-amazon.com/images/I/41sEhsjtb4L._SL500_.jpg" alt="Product Image"></a><p>NICEADA Helicopter Solar Car Air Freshener Refill Set, Solar Essential Oil Refill Perfume Oil for Car Air Fresheners(4 Packs)</p><p>$21.99 ($24.99 / Fl Oz)</p><a href="https://www.amazon.com/dp/B0D4ZHJVK8?tag=eloabder-20&linkCode=osi&th=1&psc=1">View Product</a></div><div class="product"><a href="https://www.amazon.com/dp/B0D251XW47?tag=eloabder-20&linkCode=osi&th=1&psc=1"><img src="https://m.media-amazon.com/images/I/41x6lmNq9fL._SL500_.jpg" alt="Product Image"></a><p>Helicopter Car Air Fresheners with Solar Rotating, Creative Car Perfume Decoration, Car Airplane Fragrance Diffuser for Car, Home, Office (Silver)</p><p>$13.09</p><a href="https://www.amazon.com/dp/B0D251XW47?tag=eloabder-20&linkCode=osi&th=1&psc=1">View Product</a></div>

<div class="product"><a href="https://www.amazon.com/dp/B0D4154TQG?tag=eloabder-20&linkCode=osi&th=1&psc=1"><img src="https://m.media-amazon.com/images/I/217Iw-nO3UL._SL500_.jpg" alt="Product Image"></a><p>RV Curtain Glide Tape A115, 1/2 Inch Glides Clear RV Curtain Strip Curtain Slide Tape 72 Inches Long Use with Ceiling or Wall Mount Curtain Track A201 A202 (2 Pack)</p><p>$17.99</p><a href="https://www.amazon.com/dp/B0D4154TQG?tag=eloabder-20&linkCode=osi&th=1&psc=1">View Product</a></div>
<div class="product"><a href="https://www.amazon.com/dp/B08W4PQN8L?tag=eloabder-20&linkCode=osi&th=1&psc=1"><img src="https://m.media-amazon.com/images/I/41udmrd6QTL._SL500_.jpg" alt="Product Image"></a><p>Hot Air Balloon Novelty Air Freshener for Car - Sandalwood Scented Automotive Accessory New Mexico Souvenir Gift (Pack of 4)</p><p>$7.99 ($2.00 / Count)</p><a href="https://www.amazon.com/dp/B08W4PQN8L?tag=eloabder-20&linkCode=osi&th=1&psc=1">View Product</a></div>















<div class="product"><a href="https://www.amazon.com/dp/B0CP87K2VD?tag=eloabder-20&linkCode=osi&th=1&psc=1"><img src="https://m.media-amazon.com/images/I/41dTH4OPkcL._SL500_.jpg" alt="Product Image"></a><p>For harley air cleaner filter Touring street glide road king electra tri trike Dyna Sportster XL 883 1200 Softail air intake (Drift style -Contrast Cut, C-For Touring 08-16, Softail 16-17)</p><p>$125.00</p><a href="https://www.amazon.com/dp/B0CP87K2VD?tag=eloabder-20&linkCode=osi&th=1&psc=1">View Product</a></div><div class="product"><a href="https://www.amazon.com/dp/B08DNLNY3G?tag=eloabder-20&linkCode=osi&th=1&psc=1"><img src="https://m.media-amazon.com/images/I/51baNj3o8CL._SL500_.jpg" alt="Product Image"></a><p>2963308 HD1508 Ultra Classic Air Filter Cleaner for 2008-2014 Harley Davidson Street Glide, Electra Glide, Road King, Road Glide Custom, Ultra Classic and other select models HD-1508</p><p>$21.99</p><a href="https://www.amazon.com/dp/B08DNLNY3G?tag=eloabder-20&linkCode=osi&th=1&psc=1">View Product</a></div><div class="product"><a href="https://www.amazon.com/dp/B0CQ2KKC3N?tag=eloabder-20&linkCode=osi&th=1&psc=1"><img src="https://m.media-amazon.com/images/I/31W2a0gAwIL._SL500_.jpg" alt="Product Image"></a><p>High-Flo Replacement Air Filter Element For Ventilator - Milwaukee-Eight Engine '18-later Softail and '17-later Touring and Trike Models Equipped with 114 Air Cleaner</p><p>$39.99</p><a href="https://www.amazon.com/dp/B0CQ2KKC3N?tag=eloabder-20&linkCode=osi&th=1&psc=1">View Product</a></div><div class="product"><a href="https://www.amazon.com/dp/B0CPJ5BSGM?tag=eloabder-20&linkCode=osi&th=1&psc=1"><img src="https://m.media-amazon.com/images/I/41cUadnGKpL._SL500_.jpg" alt="Product Image"></a><p>For harley air cleaner filter sportster street road glide king for harley davidson motorcycle air intake (Nake style -Black, A-For Sportster XL models)</p><p>$169.00</p><a href="https://www.amazon.com/dp/B0CPJ5BSGM?tag=eloabder-20&linkCode=osi&th=1&psc=1">View Product</a></div><div class="product"><a href="https://www.amazon.com/dp/B0CR17NS1M?tag=eloabder-20&linkCode=osi&th=1&psc=1"><img src="https://m.media-amazon.com/images/I/41n57oM0A-L._SL500_.jpg" alt="Product Image"></a><p>For harley air cleaner filter Sportster Softail Touring street road king glide Dyna for harley davidson air intake filters (Speed 7 style -gray filter, C-For Touring 08-16, Softail 16-17)</p><p>$89.00</p><a href="https://www.amazon.com/dp/B0CR17NS1M?tag=eloabder-20&linkCode=osi&th=1&psc=1">View Product</a></div><div class="product"><a href="https://www.amazon.com/dp/B0CR167HDN?tag=eloabder-20&linkCode=osi&th=1&psc=1"><img src="https://m.media-amazon.com/images/I/41o4byfzbRL._SL500_.jpg" alt="Product Image"></a><p>For harley davidson air cleaner filter sportster Touring street glide road king electra Dyna Softail motorcycle air intake (Chromed- gray filter, C-For Touring 2008-2016)</p><p>$99.00</p><a href="https://www.amazon.com/dp/B0CR167HDN?tag=eloabder-20&linkCode=osi&th=1&psc=1">View Product</a></div>







<div class="product"><a href="https://www.amazon.com/dp/B08WH8CWDM?tag=eloabder-20&linkCode=osi&th=1&psc=1"><img src="https://m.media-amazon.com/images/I/41Jj3ouB+1L._SL500_.jpg" alt="Product Image"></a><p>Glaze 'N Seal Color Enhancer Paver Sealer, 1 Gallon (923)</p><p>$62.99</p><a href="https://www.amazon.com/dp/B08WH8CWDM?tag=eloabder-20&linkCode=osi&th=1&psc=1">View Product</a></div>

<div class="product"><a href="https://www.amazon.com/dp/B0B58G8WRX?tag=eloabder-20&linkCode=osi&th=1&psc=1"><img src="https://m.media-amazon.com/images/I/41hjxJMTGJL._SL500_.jpg" alt="Product Image"></a><p>Solarhome Air Filter 333-D2696 333D2696 Compatible with JCB Backhoe Loader 3CX 4CX Telehandler 531-70</p><p>$34.50</p><a href="https://www.amazon.com/dp/B0B58G8WRX?tag=eloabder-20&linkCode=osi&th=1&psc=1">View Product</a></div>




<div class="product"><a href="https://www.amazon.com/dp/B07G7XG6BV?tag=eloabder-20&linkCode=osi&th=1&psc=1"><img src="https://m.media-amazon.com/images/I/510tZGutn6L._SL500_.jpg" alt="Product Image"></a><p>Holikme 6Pack Cleaning Brush Power Scrubber Cleaning Brush Extended Long Attachment Set All Purpose Scrub Brushes Kit for Grout, Floor, Tub, Shower, Tile, Bathroom,Car Cleaning Brush，Yellow</p><p>$6.95</p><a href="https://www.amazon.com/dp/B07G7XG6BV?tag=eloabder-20&linkCode=osi&th=1&psc=1">View Product</a></div>



<div class="product"><a href="https://www.amazon.com/dp/B000FW2NWQ?tag=eloabder-20&linkCode=osi&th=1&psc=1"><img src="https://m.media-amazon.com/images/I/31VlBDw7uDL._SL500_.jpg" alt="Product Image"></a><p>Performance Tool W233 12-Inch Long Reach Extension Scraper with 3pc Double Edged Plastic Razor Scraper Blades and 3pc Carbon Steel Razor Scraper Blades</p><p>$10.31</p><a href="https://www.amazon.com/dp/B000FW2NWQ?tag=eloabder-20&linkCode=osi&th=1&psc=1">View Product</a></div>
<div class="product"><a href="https://www.amazon.com/dp/B0BV2CQ5SW?tag=eloabder-20&linkCode=osi&th=1&psc=1"><img src="https://m.media-amazon.com/images/I/51VkTDjGg4L._SL500_.jpg" alt="Product Image"></a><p>Filterelated Mixed Bed Deionized Di Resin Filter Fill, Suitable For Spotless Car Wash System Filter Change, Tds Filter, Aquarium Filter, Deionized Car Wash,5 Liters</p><p>$49.99</p><a href="https://www.amazon.com/dp/B0BV2CQ5SW?tag=eloabder-20&linkCode=osi&th=1&psc=1">View Product</a></div><div class="product"><a href="https://www.amazon.com/dp/B01MRVQ9UE?tag=eloabder-20&linkCode=osi&th=1&psc=1"><img src="https://m.media-amazon.com/images/I/51+i6fjU6tL._SL500_.jpg" alt="Product Image"></a><p>Husqvarna XP Pre-Mixed Fuel and Engine Oil Quart (3 Pack),Blue</p><p>$32.99 ($0.34 / Count)</p><a href="https://www.amazon.com/dp/B01MRVQ9UE?tag=eloabder-20&linkCode=osi&th=1&psc=1">View Product</a></div>




<div class="product"><a href="https://www.amazon.com/dp/B01N2G2NEJ?tag=eloabder-20&linkCode=osi&th=1&psc=1"><img src="https://m.media-amazon.com/images/I/41-5g4zEDpL._SL500_.jpg" alt="Product Image"></a><p>Chemical Guys SPI10816 Heavy Duty Water Spot Remover, Safe for Cars, Trucks, Motorcycles, RVs & More, 16 fl oz</p><p>$17.97 ($1.12 / Fl Oz)</p><a href="https://www.amazon.com/dp/B01N2G2NEJ?tag=eloabder-20&linkCode=osi&th=1&psc=1">View Product</a></div>









<div class="product"><a href="https://www.amazon.com/dp/B08YRVH2QV?tag=eloabder-20&linkCode=osi&th=1&psc=1"><img src="https://m.media-amazon.com/images/I/5164O-Jr2QL._SL500_.jpg" alt="Product Image"></a><p>Thetford AquaMAX Summer Cypress Scent RV Holding Tank Treatment, Formaldehyde Free, Waste Digester, Septic Tank Safe, 5 Gallon Bottle (96754)</p><p>$248.18</p><a href="https://www.amazon.com/dp/B08YRVH2QV?tag=eloabder-20&linkCode=osi&th=1&psc=1">View Product</a></div><div class="product"><a href="https://www.amazon.com/dp/B0BPMW7485?tag=eloabder-20&linkCode=osi&th=1&psc=1"><img src="https://m.media-amazon.com/images/I/51WNuQeew7L._SL500_.jpg" alt="Product Image"></a><p>XFasten Butyl Tape Black 1/2” x 30’ x 1/8" Butyl Sealant Tape Headlight Sealant Putty Tape | Black Butyl Caulking Tape | Butyl Tape RV Putty Tape EPDM Automotive Butyl Rubber Window Sealant for RV</p><p>$13.99 ($0.47 / Foot)</p><a href="https://www.amazon.com/dp/B0BPMW7485?tag=eloabder-20&linkCode=osi&th=1&psc=1">View Product</a></div>
<div class="product"><a href="https://www.amazon.com/dp/B006DXWZQU?tag=eloabder-20&linkCode=osi&th=1&psc=1"><img src="https://m.media-amazon.com/images/I/41wtqfFFfQL._SL500_.jpg" alt="Product Image"></a><p>FRAM Ultra Synthetic Automotive Replacement Oil Filter, Designed for Synthetic Oil Changes Lasting up to 20k Miles, XG10575 with SureGrip (Pack of 1)</p><p>$10.79</p><a href="https://www.amazon.com/dp/B006DXWZQU?tag=eloabder-20&linkCode=osi&th=1&psc=1">View Product</a></div><div class="product"><a href="https://www.amazon.com/dp/B01LH7L0XA?tag=eloabder-20&linkCode=osi&th=1&psc=1"><img src="https://m.media-amazon.com/images/I/41yD3QmbyZL._SL500_.jpg" alt="Product Image"></a><p>Shell Rotella T4 Triple Protection Conventional 15W-40 Diesel Engine Oil (1-Gallon, Single Pack)</p><p>$15.98 ($0.12 / Fl Oz)</p><a href="https://www.amazon.com/dp/B01LH7L0XA?tag=eloabder-20&linkCode=osi&th=1&psc=1">View Product</a></div><div class="product"><a href="https://www.amazon.com/dp/B00ICSWGJ0?tag=eloabder-20&linkCode=osi&th=1&psc=1"><img src="https://m.media-amazon.com/images/I/41Ahz5dVc5L._SL500_.jpg" alt="Product Image"></a><p>Castrol Edge 5W-30 Advanced Full Synthetic Motor Oil, 5 Quarts</p><p>$24.72 ($0.15 / Fl Oz)</p><a href="https://www.amazon.com/dp/B00ICSWGJ0?tag=eloabder-20&linkCode=osi&th=1&psc=1">View Product</a></div><div class="product"><a href="https://www.amazon.com/dp/B01N8RPDT8?tag=eloabder-20&linkCode=osi&th=1&psc=1"><img src="https://m.media-amazon.com/images/I/41Qm+9e8sCL._SL500_.jpg" alt="Product Image"></a><p>Motorcraft - Oil - Engine (XO10W305Q3SD)</p><p>$32.27</p><a href="https://www.amazon.com/dp/B01N8RPDT8?tag=eloabder-20&linkCode=osi&th=1&psc=1">View Product</a></div>
<div class="product"><a href="https://www.amazon.com/dp/B07FTRZLM5?tag=eloabder-20&linkCode=osi&th=1&psc=1"><img src="https://m.media-amazon.com/images/I/416uoNYOsXL._SL500_.jpg" alt="Product Image"></a><p>Chemical Guys HOL126 14-Piece Arsenal Builder Car Wash Kit with Foam Gun, Bucket, and (5) 16 oz Car Care Cleaning Chemicals, Gift for Car & Truck Lovers, Dads and DIYers (Works w/Garden Hose)</p><p>$119.99</p><a href="https://www.amazon.com/dp/B07FTRZLM5?tag=eloabder-20&linkCode=osi&th=1&psc=1">View Product</a></div><div class="product"><a href="https://www.amazon.com/dp/B0741RL23Q?tag=eloabder-20&linkCode=osi&th=1&psc=1"><img src="https://m.media-amazon.com/images/I/410wwKZBYVL._SL500_.jpg" alt="Product Image"></a><p>Chemical Guys SPI220 Total Interior Cleaner and Protectant, Safe for Cars, Trucks, SUVs, Jeeps, Motorcycles, RVs & More, 128 fl oz (1 Gallon)</p><p>$54.99 ($0.43 / Fl Oz)</p><a href="https://www.amazon.com/dp/B0741RL23Q?tag=eloabder-20&linkCode=osi&th=1&psc=1">View Product</a></div><div class="product"><a href="https://www.amazon.com/dp/B002J7VX4Y?tag=eloabder-20&linkCode=osi&th=1&psc=1"><img src="https://m.media-amazon.com/images/I/41oijnffQ0L._SL500_.jpg" alt="Product Image"></a><p>Chemical Guys AIR_101_16 New Car Smell Premium Air Freshener and Odor Eliminator, Long-Lasting Scent, Great for Cars, Trucks, SUVs, RVs & More, 16 fl oz</p><p>$10.99 ($0.69 / Fl Oz)</p><a href="https://www.amazon.com/dp/B002J7VX4Y?tag=eloabder-20&linkCode=osi&th=1&psc=1">View Product</a></div><div class="product"><a href="https://www.amazon.com/dp/B077TPG55M?tag=eloabder-20&linkCode=osi&th=1&psc=1"><img src="https://m.media-amazon.com/images/I/51aYksYRthL._SL500_.jpg" alt="Product Image"></a><p>Chemical Guys CWS20264 Tough Mudder Foaming Truck, Off Road, ATV and RV Heavy Duty Wash Soap,(Works with Foam Cannons, Foam Guns or Bucket Washes), 64 fl oz (Half Gallon), Lemon Scent</p><p>$39.99 ($0.62 / Fl Oz)</p><a href="https://www.amazon.com/dp/B077TPG55M?tag=eloabder-20&linkCode=osi&th=1&psc=1">View Product</a></div><div class="product"><a href="https://www.amazon.com/dp/B00BJCAPEE?tag=eloabder-20&linkCode=osi&th=1&psc=1"><img src="https://m.media-amazon.com/images/I/416RIPKVW1L._SL500_.jpg" alt="Product Image"></a><p>Chemical Guys CWS_402 Mr. Pink Foaming Car Wash Soap (Works with Foam Cannons, Foam Guns or Bucket Washes) Safe for Cars, Trucks, Motorcycles, RVs & More, 128 fl oz, Candy Scent</p><p>$39.99 ($0.31 / Fl Oz)</p><a href="https://www.amazon.com/dp/B00BJCAPEE?tag=eloabder-20&linkCode=osi&th=1&psc=1">View Product</a></div><div class="product"><a href="https://www.amazon.com/dp/B01C6AISUK?tag=eloabder-20&linkCode=osi&th=1&psc=1"><img src="https://m.media-amazon.com/images/I/41FrDCDPB6S._SL500_.jpg" alt="Product Image"></a><p>Chemical Guys CLD_700_16 Mat Renew Rubber + Vinyl Floor Mat Cleaner And Protectant, Safe for Cars, Trucks, SUVs, Motorcycles, RVs & More, 16 fl oz</p><p>$10.99 ($0.69 / Fl Oz)</p><a href="https://www.amazon.com/dp/B01C6AISUK?tag=eloabder-20&linkCode=osi&th=1&psc=1">View Product</a></div><div class="product"><a href="https://www.amazon.com/dp/B01N76S0A7?tag=eloabder-20&linkCode=osi&th=1&psc=1"><img src="https://m.media-amazon.com/images/I/51jurhYPCgL._SL500_.jpg" alt="Product Image"></a><p>Chemical Guys HOL131 Premium Chenille Microfiber Car Wash Mop and Heavy Duty Extendable Pole Kit (Great for RVs, Trucks, SUVs, Jeeps & Large Vehicles), With Mr. Pink Foaming Car Wash Soap - 4 fl oz</p><p>$49.99</p><a href="https://www.amazon.com/dp/B01N76S0A7?tag=eloabder-20&linkCode=osi&th=1&psc=1">View Product</a></div><div class="product"><a href="https://www.amazon.com/dp/B009OTW646?tag=eloabder-20&linkCode=osi&th=1&psc=1"><img src="https://m.media-amazon.com/images/I/41lG36UqLBL._SL500_.jpg" alt="Product Image"></a><p>Chemical Guys CWS 110 Honeydew Snow Foam Car Wash Soap (Works with Foam Cannons, Guns or Bucket Washes) Safe for Trucks, Motorcycles, RVs & More, 128 fl oz (1 Gallon), Honeydew Scent</p><p>$39.99 ($0.31 / Fl Oz)</p><a href="https://www.amazon.com/dp/B009OTW646?tag=eloabder-20&linkCode=osi&th=1&psc=1">View Product</a></div><div class="product"><a href="https://www.amazon.com/dp/B08P54Z2C2?tag=eloabder-20&linkCode=osi&th=1&psc=1"><img src="https://m.media-amazon.com/images/I/41Ra65iS2OL._SL500_.jpg" alt="Product Image"></a><p>Chemical Guys WAC23316 HydroSpeed Ceramic Quick Detailer, Safe for Cars, Trucks, SUVs, Motorcycles, RVs & More, 16 fl oz</p><p>$24.99</p><a href="https://www.amazon.com/dp/B08P54Z2C2?tag=eloabder-20&linkCode=osi&th=1&psc=1">View Product</a></div>
<div class="product"><a href="https://www.amazon.com/dp/B0C7WLPQC7?tag=eloabder-20&linkCode=osi&th=1&psc=1"><img src="https://m.media-amazon.com/images/I/41hJeSxsSWL._SL500_.jpg" alt="Product Image"></a><p>Detail King Car Odor Removal - Chlorine Dioxide Cup - Extreme Odor Eliminator For Car - Safe And Easy To Use (3 Oz (Pack of 1) - Plastic)</p><p>$24.95 ($8.32 / Ounce)</p><a href="https://www.amazon.com/dp/B0C7WLPQC7?tag=eloabder-20&linkCode=osi&th=1&psc=1">View Product</a></div>

<div class="product"><a href="https://www.amazon.com/dp/B0052XFWCG?tag=eloabder-20&linkCode=osi&th=1&psc=1"><img src="https://m.media-amazon.com/images/I/41qajeJVXLL._SL500_.jpg" alt="Product Image"></a><p>Hot Shot's Secret HSS64Z Original Stiction Eliminator 64 Fluid Ounce Bottle, Green</p><p>$53.45 ($0.84 / Fl Oz)</p><a href="https://www.amazon.com/dp/B0052XFWCG?tag=eloabder-20&linkCode=osi&th=1&psc=1">View Product</a></div><div class="product"><a href="https://www.amazon.com/dp/B009M64CAW?tag=eloabder-20&linkCode=osi&th=1&psc=1"><img src="https://m.media-amazon.com/images/I/417D8X0nkBL._SL500_.jpg" alt="Product Image"></a><p>Lucas Oil 10679 Hot Rod & Classic Car SAE 10W-30 Motor Oil - 5 Quart</p><p>$38.50 ($0.24 / Fl Oz)</p><a href="https://www.amazon.com/dp/B009M64CAW?tag=eloabder-20&linkCode=osi&th=1&psc=1">View Product</a></div><div class="product"><a href="https://www.amazon.com/dp/B01L9ARY9O?tag=eloabder-20&linkCode=osi&th=1&psc=1"><img src="https://m.media-amazon.com/images/I/51yaZAYH75L._SL500_.jpg" alt="Product Image"></a><p>FPPF Chemical Co 00161 16 OZ HOT 4-in-1 Heating Oil Treatment (2 Bottles)</p><p>$26.42</p><a href="https://www.amazon.com/dp/B01L9ARY9O?tag=eloabder-20&linkCode=osi&th=1&psc=1">View Product</a></div><div class="product"><a href="https://www.amazon.com/dp/B009M64CUM?tag=eloabder-20&linkCode=osi&th=1&psc=1"><img src="https://m.media-amazon.com/images/I/41yiWaF8YQL._SL500_.jpg" alt="Product Image"></a><p>Lucas Oil 10683 Hot Rod & Classic Car SAE 10W-40 Motor Oil - 5 Quart</p><p>$43.24 ($0.27 / Fl Oz)</p><a href="https://www.amazon.com/dp/B009M64CUM?tag=eloabder-20&linkCode=osi&th=1&psc=1">View Product</a></div><div class="product"><a href="https://www.amazon.com/dp/B0973HNRH9?tag=eloabder-20&linkCode=osi&th=1&psc=1"><img src="https://m.media-amazon.com/images/I/41kyGGJa--L._SL500_.jpg" alt="Product Image"></a><p>Hot Shot's Secret FR3 Friction Reducer 64 Fluid Ounce 2 Quarts, Light Yellow Liquid, (HSSFR364Z)</p><p>$59.73 ($0.93 / Fl Oz)</p><a href="https://www.amazon.com/dp/B0973HNRH9?tag=eloabder-20&linkCode=osi&th=1&psc=1">View Product</a></div><div class="product"><a href="https://www.amazon.com/dp/B082YFQQ25?tag=eloabder-20&linkCode=osi&th=1&psc=1"><img src="https://m.media-amazon.com/images/I/511PTX7LlZL._SL500_.jpg" alt="Product Image"></a><p>Hot Shot's Secret Green Diamond 100 Percent Synthetic 15W40 Oil Diesel 1 Gallon</p><p>$39.99 ($0.31 / Fl Oz)</p><a href="https://www.amazon.com/dp/B082YFQQ25?tag=eloabder-20&linkCode=osi&th=1&psc=1">View Product</a></div>















<div class="product"><a href="https://www.amazon.com/dp/B08PTMXCJL?tag=eloabder-20&linkCode=osi&th=1&psc=1"><img src="https://m.media-amazon.com/images/I/410eJv-7UHL._SL500_.jpg" alt="Product Image"></a><p>Moly Grease | 3% Molybdenum Disulfide | Fifth Wheel | 5th | Automotive | Tractor | Axle | Spline | CV Joint | Lithium EP Grease | High Temp | 35 LB Pail Bucket | Black Moly | NLGI 2 | HeavyDuty Moly</p><p>$174.99 ($0.31 / Ounce)</p><a href="https://www.amazon.com/dp/B08PTMXCJL?tag=eloabder-20&linkCode=osi&th=1&psc=1">View Product</a></div><div class="product"><a href="https://www.amazon.com/dp/B08PTHJTK5?tag=eloabder-20&linkCode=osi&th=1&psc=1"><img src="https://m.media-amazon.com/images/I/41VdMjJ38aL._SL500_.jpg" alt="Product Image"></a><p>Wheel Bearing Grease Pail | Lithium Complex | High Temp EP | CV Joint | Axle | Automotive | Tractor | Truck | Ball Joint | Marine Boat | Gear | Heavy Duty | Blue | 35 LB Bucket | NLGI 2 | MultiPurpose</p><p>$167.99 ($0.30 / Ounce)</p><a href="https://www.amazon.com/dp/B08PTHJTK5?tag=eloabder-20&linkCode=osi&th=1&psc=1">View Product</a></div><div class="product"><a href="https://www.amazon.com/dp/B0013J1UA6?tag=eloabder-20&linkCode=osi&th=1&psc=1"><img src="https://m.media-amazon.com/images/I/41G0Fkf7KnL._SL500_.jpg" alt="Product Image"></a><p>CRC Food Grade Chain Lube 03055 – 12 Wt. Oz. Aerosol, NSF H1 Gear, Chain, and Wire Lubricant</p><p>$19.25 ($1.60 / Ounce)</p><a href="https://www.amazon.com/dp/B0013J1UA6?tag=eloabder-20&linkCode=osi&th=1&psc=1">View Product</a></div>





<div class="product"><a href="https://www.amazon.com/dp/B08GQ9G2V5?tag=eloabder-20&linkCode=osi&th=1&psc=1"><img src="https://m.media-amazon.com/images/I/511+rapOlWL._SL500_.jpg" alt="Product Image"></a><p>Armor All Car Air Freshener and Purifier, Car Odor Eliminator, 1.5 Ounce (Pack of 3)</p><p>$21.21 ($4.71 / Ounce)</p><a href="https://www.amazon.com/dp/B08GQ9G2V5?tag=eloabder-20&linkCode=osi&th=1&psc=1">View Product</a></div>







<div class="product"><a href="https://www.amazon.com/dp/B001229JCU?tag=eloabder-20&linkCode=osi&th=1&psc=1"><img src="https://m.media-amazon.com/images/I/31W6FuKPMcL._SL500_.jpg" alt="Product Image"></a><p>First Alert EZ Fire Spray, Extinguishing Aerosol Spray, AF400 Red 18 Ounce (Pack of 1)</p><p>$12.49</p><a href="https://www.amazon.com/dp/B001229JCU?tag=eloabder-20&linkCode=osi&th=1&psc=1">View Product</a></div><div class="product"><a href="https://www.amazon.com/dp/B002U0KGDY?tag=eloabder-20&linkCode=osi&th=1&psc=1"><img src="https://m.media-amazon.com/images/I/51p6R+mcRhL._SL500_.jpg" alt="Product Image"></a><p>First Alert EZ Fire Spray, Extinguishing Aerosol Spray, Pack of 2, AF400-2, RED</p><p>$27.02</p><a href="https://www.amazon.com/dp/B002U0KGDY?tag=eloabder-20&linkCode=osi&th=1&psc=1">View Product</a></div>
<div class="product"><a href="https://www.amazon.com/dp/B0088LVBUQ?tag=eloabder-20&linkCode=osi&th=1&psc=1"><img src="https://m.media-amazon.com/images/I/31h7l-l6u2L._SL500_.jpg" alt="Product Image"></a><p>Seymour EN-59 Hi-Tech Engine Spray Paint, General Motors Red</p><p>$9.08 ($0.76 / Ounce)</p><a href="https://www.amazon.com/dp/B0088LVBUQ?tag=eloabder-20&linkCode=osi&th=1&psc=1">View Product</a></div>




<div class="product"><a href="https://www.amazon.com/dp/B000HBNU9K?tag=eloabder-20&linkCode=osi&th=1&psc=1"><img src="https://m.media-amazon.com/images/I/41URzfKaVsL._SL500_.jpg" alt="Product Image"></a><p>Permatex 27828 Body Shop Heavy Duty Headliner Adhesive, High-Strength Spray Adhesive, Repair Detached Or Loose Interior Parts, Dries Clear, Aerosol Can, 16.75 Oz</p><p>$17.05 ($1.02 / Ounce)</p><a href="https://www.amazon.com/dp/B000HBNU9K?tag=eloabder-20&linkCode=osi&th=1&psc=1">View Product</a></div><div class="product"><a href="https://www.amazon.com/dp/B001VXXEXU?tag=eloabder-20&linkCode=osi&th=1&psc=1"><img src="https://m.media-amazon.com/images/I/5112onMwzaL._SL500_.jpg" alt="Product Image"></a><p>Vibra-TITE 213 Red VC-3 Original Threadmate, 250ml Can</p><p>$99.19</p><a href="https://www.amazon.com/dp/B001VXXEXU?tag=eloabder-20&linkCode=osi&th=1&psc=1">View Product</a></div><div class="product"><a href="https://www.amazon.com/dp/B0CWPSLTR1?tag=eloabder-20&linkCode=osi&th=1&psc=1"><img src="https://m.media-amazon.com/images/I/31ytleZjjaL._SL500_.jpg" alt="Product Image"></a><p>P & S PROFESSIONAL DETAIL PRODUCTS - Terminator Enzyme Spot and Stain Remover - Perfect for Deodorizing, Removing Embedded Soils, Grease, Dirt, and Protein-Based Stains; Fresh Scent (1 Quart)</p><p>$25.95 ($0.81 / Fl Oz)</p><a href="https://www.amazon.com/dp/B0CWPSLTR1?tag=eloabder-20&linkCode=osi&th=1&psc=1">View Product</a></div><div class="product"><a href="https://www.amazon.com/dp/B07GFNQL9H?tag=eloabder-20&linkCode=osi&th=1&psc=1"><img src="https://m.media-amazon.com/images/I/41AA3Nbt8OL._SL500_.jpg" alt="Product Image"></a><p>Gunk FEB1 Foamy Engine Brite Engine Cleaner - 17oz. 2 Pack</p><p>$17.95 ($0.53 / Ounce)</p><a href="https://www.amazon.com/dp/B07GFNQL9H?tag=eloabder-20&linkCode=osi&th=1&psc=1">View Product</a></div>



<div class="product"><a href="https://www.amazon.com/dp/B003SKCARK?tag=eloabder-20&linkCode=osi&th=1&psc=1"><img src="https://m.media-amazon.com/images/I/41rvU5irgRL._SL500_.jpg" alt="Product Image"></a><p>Obenauf's Heavy Duty LP Leather Preservative (4oz)- All Natural Beeswax Oil Conditioner- Rejuvenate Restore & Preserve Sunfaded or Cracked Boots Jackets Saddles Car Auto Upholstery Furniture- USA Made</p><p>$15.99</p><a href="https://www.amazon.com/dp/B003SKCARK?tag=eloabder-20&linkCode=osi&th=1&psc=1">View Product</a></div>
Aucun résultat trouvé.

<div class="product"><a href="https://www.amazon.com/dp/B0CLWDDWHX?tag=eloabder-20&linkCode=osi&th=1&psc=1"><img src="https://m.media-amazon.com/images/I/51HPMtia03L._SL500_.jpg" alt="Product Image"></a><p>Fire Fix Fire Extinguisher for Home 5-Pack | Made in USA | Emergency Fire Spray Foam for Apartment, Boat, Camping, Car, House, Kitchen & Vehicle | Safety & Survival | Compact, Small, Safe & Easy Use</p><p>$56.95</p><a href="https://www.amazon.com/dp/B0CLWDDWHX?tag=eloabder-20&linkCode=osi&th=1&psc=1">View Product</a></div><div class="product"><a href="https://www.amazon.com/dp/B0CKZF9H3D?tag=eloabder-20&linkCode=osi&th=1&psc=1"><img src="https://m.media-amazon.com/images/I/41+Q4YdByuL._SL500_.jpg" alt="Product Image"></a><p>Firexo All Fires Fire Extinguisher - Multipurpose Mini Aerosol - Pack of 6 - Home, Kitchen, Car, Garage, Boat, Caravan, Camping Household, ABC, Vehicle, Compact, RV, Emergency Equipment (0.1 Gal)</p><p>$139.99</p><a href="https://www.amazon.com/dp/B0CKZF9H3D?tag=eloabder-20&linkCode=osi&th=1&psc=1">View Product</a></div>
Aucun résultat trouvé.
Aucun résultat trouvé.






<div class="product"><a href="https://www.amazon.com/dp/B00FOKOKMU?tag=eloabder-20&linkCode=osi&th=1&psc=1"><img src="https://m.media-amazon.com/images/I/41KsUW-6WOL._SL500_.jpg" alt="Product Image"></a><p>The Original Leather Recoloring Balm by Furniture Clinic - 16 Colors - Leather Repair Kit for Furniture - Restore Couches, Car Seats & More - Leather Dye for Scratched and Faded Leather (Beige)</p><p>$29.95</p><a href="https://www.amazon.com/dp/B00FOKOKMU?tag=eloabder-20&linkCode=osi&th=1&psc=1">View Product</a></div>


<div class="product"><a href="https://www.amazon.com/dp/B0BQX6CPLS?tag=eloabder-20&linkCode=osi&th=1&psc=1"><img src="https://m.media-amazon.com/images/I/51OtuHOIJpL._SL500_.jpg" alt="Product Image"></a><p>Dry Stop Fire Spray by Prepared Hero - 8 Pack - Portable Fire Extinguisher for Home, Car, Garage, Kitchen - Works on Electrical, Grease, Battery Fires & More - Compact, Easy to Use</p><p>$143.99</p><a href="https://www.amazon.com/dp/B0BQX6CPLS?tag=eloabder-20&linkCode=osi&th=1&psc=1">View Product</a></div><div class="product"><a href="https://www.amazon.com/dp/B0BQX76B9K?tag=eloabder-20&linkCode=osi&th=1&psc=1"><img src="https://m.media-amazon.com/images/I/51iHCSuHw5L._SL500_.jpg" alt="Product Image"></a><p>Vapor Clean Fire Spray by Prepared Hero - 8 Pack - Portable Fire Extinguisher for Home, Car, Garage, Kitchen - Works on Electrical, Grease, Battery Fires & More - Compact, Easy to Use</p><p>$143.99</p><a href="https://www.amazon.com/dp/B0BQX76B9K?tag=eloabder-20&linkCode=osi&th=1&psc=1">View Product</a></div><div class="product"><a href="https://www.amazon.com/dp/B0C32NVZJZ?tag=eloabder-20&linkCode=osi&th=1&psc=1"><img src="https://m.media-amazon.com/images/I/61coxTM3mSL._SL500_.jpg" alt="Product Image"></a><p>Houandg Water-Based Fire Extinguisher- 2 Pack Portable Solution for All Fire Types in Homes, Vehicles, Kitchens - Prevents Re-Ignition</p><p>$33.98</p><a href="https://www.amazon.com/dp/B0C32NVZJZ?tag=eloabder-20&linkCode=osi&th=1&psc=1">View Product</a></div>
<div class="product"><a href="https://www.amazon.com/dp/B00L3W1OAO?tag=eloabder-20&linkCode=osi&th=1&psc=1"><img src="https://m.media-amazon.com/images/I/414uILMLuaL._SL500_.jpg" alt="Product Image"></a><p>Pro F/X Rubber Mask Grease Wheel - 1 Ounce - Trauma</p><p>$27.01</p><a href="https://www.amazon.com/dp/B00L3W1OAO?tag=eloabder-20&linkCode=osi&th=1&psc=1">View Product</a></div>
<div class="product"><a href="https://www.amazon.com/dp/B0CZ16SHCH?tag=eloabder-20&linkCode=osi&th=1&psc=1"><img src="https://m.media-amazon.com/images/I/31pYxaz4gYL._SL500_.jpg" alt="Product Image"></a><p>P & S PROFESSIONAL DETAIL PRODUCTS - Rehab - Paint Correction Creme Safe for All Paint Types and with Multiple pad Types - Easy-to-use-Formula Works at Any Stage of Paint Correction - 1 Quart</p><p>$56.95</p><a href="https://www.amazon.com/dp/B0CZ16SHCH?tag=eloabder-20&linkCode=osi&th=1&psc=1">View Product</a></div><div class="product"><a href="https://www.amazon.com/dp/B082BG8HLX?tag=eloabder-20&linkCode=osi&th=1&psc=1"><img src="https://m.media-amazon.com/images/I/31OAXbv7QFL._SL500_.jpg" alt="Product Image"></a><p>Lithium Auto Elixirs Color Crush- A rather intense approach to an Instant Detailer, Infused with color enhancing technology - Extremely Hydrophobic ingredients, long lasting Instant Detailer</p><p>$19.95 ($1.25 / Fl Oz)</p><a href="https://www.amazon.com/dp/B082BG8HLX?tag=eloabder-20&linkCode=osi&th=1&psc=1">View Product</a></div><div class="product"><a href="https://www.amazon.com/dp/B07MTPWZ76?tag=eloabder-20&linkCode=osi&th=1&psc=1"><img src="https://m.media-amazon.com/images/I/41v5yubrqoL._SL500_.jpg" alt="Product Image"></a><p>Lithium Seal and Squeal Paint Sealant/Polish - Incredible Shine and Lasting Protection - Curable Amino Functional Polymers Fused with Si02 Ceramic Nano Technology -Lasts for up to 12 Months (16 oz)</p><p>$39.99 ($2.50 / Ounce)</p><a href="https://www.amazon.com/dp/B07MTPWZ76?tag=eloabder-20&linkCode=osi&th=1&psc=1">View Product</a></div><div class="product"><a href="https://www.amazon.com/dp/B07MVNX377?tag=eloabder-20&linkCode=osi&th=1&psc=1"><img src="https://m.media-amazon.com/images/I/31gEqFf7rhL._SL500_.jpg" alt="Product Image"></a><p>Leather Love - The Best Leather Conditioner On The Planet, Brings Old Leather Back To Life, All Natural Ingredients Mixed With Serious Science, Restores, Rehydrates, Protects (8oz)</p><p>$28.99 ($3.62 / Ounce)</p><a href="https://www.amazon.com/dp/B07MVNX377?tag=eloabder-20&linkCode=osi&th=1&psc=1">View Product</a></div><div class="product"><a href="https://www.amazon.com/dp/B07MTQP514?tag=eloabder-20&linkCode=osi&th=1&psc=1"><img src="https://m.media-amazon.com/images/I/311IYwH-oaL._SL500_.jpg" alt="Product Image"></a><p>Trim Serum- Plastic Restorer- Restores Even the Most Damaged Plastic, Rubber and Vinyl, Last For Months, Penetrates Plastic Pores Restoring Color. (16 Oz)</p><p>$36.99</p><a href="https://www.amazon.com/dp/B07MTQP514?tag=eloabder-20&linkCode=osi&th=1&psc=1">View Product</a></div><div class="product"><a href="https://www.amazon.com/dp/B07236X7TS?tag=eloabder-20&linkCode=osi&th=1&psc=1"><img src="https://m.media-amazon.com/images/I/51-mgxYD9kL._SL500_.jpg" alt="Product Image"></a><p>Skidmore's Biker Edition Leather Cream | All Natural Formula Cleans, Conditions, and Protects your Motorcycle | Made in USA</p><p>$44.98</p><a href="https://www.amazon.com/dp/B07236X7TS?tag=eloabder-20&linkCode=osi&th=1&psc=1">View Product</a></div><div class="product"><a href="https://www.amazon.com/dp/B001CS6HH4?tag=eloabder-20&linkCode=osi&th=1&psc=1"><img src="https://m.media-amazon.com/images/I/41wY0SB+DWL._SL500_.jpg" alt="Product Image"></a><p>Fiebing's Yellow Saddle Soap for Leather (3.5 oz Tin) - Leather Cleaner & Conditioner to Soften, Protect & Restore Leathercraft - Leather Soap for Car Seat, Couch, Shoe, Purse, Boot, Bag, & Saddles</p><p>$7.15 ($2.04 / Ounce)</p><a href="https://www.amazon.com/dp/B001CS6HH4?tag=eloabder-20&linkCode=osi&th=1&psc=1">View Product</a></div><div class="product"><a href="https://www.amazon.com/dp/B08RHZ1BKD?tag=eloabder-20&linkCode=osi&th=1&psc=1"><img src="https://m.media-amazon.com/images/I/21WKh31c4tL._SL500_.jpg" alt="Product Image"></a><p>Lithium Ignite After Wash - Conditions and Shines Surfaces as You Dry. Streak-Free Hydrophobic Formula adds Lubrication to Stop Micro Scratching While Surfaces pop with Color.</p><p>$21.99 ($1.37 / Fl Oz)</p><a href="https://www.amazon.com/dp/B08RHZ1BKD?tag=eloabder-20&linkCode=osi&th=1&psc=1">View Product</a></div><div class="product"><a href="https://www.amazon.com/dp/B0003A1T3E?tag=eloabder-20&linkCode=osi&th=1&psc=1"><img src="https://m.media-amazon.com/images/I/41042PKJ1ZL._SL500_.jpg" alt="Product Image"></a><p>URAD One step All-In-One Leather conditioner 140g - NEUTRAL</p><p>$16.13</p><a href="https://www.amazon.com/dp/B0003A1T3E?tag=eloabder-20&linkCode=osi&th=1&psc=1">View Product</a></div>

<div class="product"><a href="https://www.amazon.com/dp/B0B3NFH3QY?tag=eloabder-20&linkCode=osi&th=1&psc=1"><img src="https://m.media-amazon.com/images/I/51sKVZnP-WL._SL500_.jpg" alt="Product Image"></a><p>Little Joe 96427-6PK I Love Hockey New Car Scent Red Car Air Freshener A/C Vent Clip Uses Alcohol-Free Fragrance Oil is Non-Hazardous and Non-Toxic Plastic, Pack of 6</p><p>$21.99 ($3.66 / Count)</p><a href="https://www.amazon.com/dp/B0B3NFH3QY?tag=eloabder-20&linkCode=osi&th=1&psc=1">View Product</a></div><div class="product"><a href="https://www.amazon.com/dp/B072275K82?tag=eloabder-20&linkCode=osi&th=1&psc=1"><img src="https://m.media-amazon.com/images/I/41wDnF6SiAL._SL500_.jpg" alt="Product Image"></a><p>Little Joe 96404-6PK Fruit Scent, Car Air Freshener, Clips to A/C Air Vent, Alcohol-Free Fragrance Oil, Non-Hazardous and Non-Toxic Plastic, Set of 6</p><p>$16.60 ($2.77 / Count)</p><a href="https://www.amazon.com/dp/B072275K82?tag=eloabder-20&linkCode=osi&th=1&psc=1">View Product</a></div><div class="product"><a href="https://www.amazon.com/dp/B0CQPQ2S4W?tag=eloabder-20&linkCode=osi&th=1&psc=1"><img src="https://m.media-amazon.com/images/I/31iRknmvjeL._SL500_.jpg" alt="Product Image"></a><p>Little Pup 96613 Blue Raspberry Slushy Scent Car Air Freshener A/C Vent Clip Uses Alcohol-Free Fragrance Oil is Non Hazardous and Non Toxic, Pack of 1</p><p>$3.94</p><a href="https://www.amazon.com/dp/B0CQPQ2S4W?tag=eloabder-20&linkCode=osi&th=1&psc=1">View Product</a></div><div class="product"><a href="https://www.amazon.com/dp/B0CQPNMTM4?tag=eloabder-20&linkCode=osi&th=1&psc=1"><img src="https://m.media-amazon.com/images/I/41eEovL+zML._SL500_.jpg" alt="Product Image"></a><p>Little Joe 96414-6PK Orange Creamsicle Scent Car Air Freshener A/C Vent Clip Uses Alcohol-Free Fragrance Oil is Non-Hazardous and Non-Toxic Plastic, Pack of 6</p><p>$25.99 ($4.33 / Count)</p><a href="https://www.amazon.com/dp/B0CQPNMTM4?tag=eloabder-20&linkCode=osi&th=1&psc=1">View Product</a></div><div class="product"><a href="https://www.amazon.com/dp/B0CH9KNNZN?tag=eloabder-20&linkCode=osi&th=1&psc=1"><img src="https://m.media-amazon.com/images/I/41jX66PGMTL._SL500_.jpg" alt="Product Image"></a><p>TAKAVU Clay Bars Auto Detailing 2 Pack X 100g, Premium Grade Material, Magic Clay Bar Cleaner for Cars, RV, Boat and Bus (Grey)</p><p>$9.99</p><a href="https://www.amazon.com/dp/B0CH9KNNZN?tag=eloabder-20&linkCode=osi&th=1&psc=1">View Product</a></div>

<div class="product"><a href="https://www.amazon.com/dp/B004UM6DLE?tag=eloabder-20&linkCode=osi&th=1&psc=1"><img src="https://m.media-amazon.com/images/I/314nawyx6sL._SL500_.jpg" alt="Product Image"></a><p>CARPRO IronX Iron Remover: Stops Rust Spots and Pre-Mature Failure of The Clear Coat, Iron Contaminant Removal - 500mL with Sprayer (17oz)</p><p>$26.78</p><a href="https://www.amazon.com/dp/B004UM6DLE?tag=eloabder-20&linkCode=osi&th=1&psc=1">View Product</a></div><div class="product"><a href="https://www.amazon.com/dp/B01HXZXO98?tag=eloabder-20&linkCode=osi&th=1&psc=1"><img src="https://m.media-amazon.com/images/I/41Ne9OfQGzL._SL500_.jpg" alt="Product Image"></a><p>Chemical Guys CWS80316 Clean Slate Deep Surface Cleaning Car Wash Soap (Removes Old Car Waxes, Glazes & Sealants for Superior Surface Prep), 16 fl oz, Citrus Scent</p><p>$11.99 ($0.75 / Fl Oz)</p><a href="https://www.amazon.com/dp/B01HXZXO98?tag=eloabder-20&linkCode=osi&th=1&psc=1">View Product</a></div><div class="product"><a href="https://www.amazon.com/dp/B07C39H9YX?tag=eloabder-20&linkCode=osi&th=1&psc=1"><img src="https://m.media-amazon.com/images/I/31yK3Vb5xWL._SL500_.jpg" alt="Product Image"></a><p>Adam's Polishes Iron Remover (16oz) - Iron Out Fallout Rust Remover Spray for Car Detailing | Remove Iron Particles in Car Paint, Motorcycle, RV & Boat | Use Before Clay Bar, Car Wax or Car Wash</p><p>$16.99</p><a href="https://www.amazon.com/dp/B07C39H9YX?tag=eloabder-20&linkCode=osi&th=1&psc=1">View Product</a></div><div class="product"><a href="https://www.amazon.com/dp/B0BTJ9DJM5?tag=eloabder-20&linkCode=osi&th=1&psc=1"><img src="https://m.media-amazon.com/images/I/41tNMqlDrxL._SL500_.jpg" alt="Product Image"></a><p>Torque Detail Decon Wash Pack - Decontamination Soap 8oz + Wash Mitt - Surface Strip Wash Car Shampoo - Highly Absorbent Microfiber Chenille Car Wash Mitt Safely Cleans Your Vehicles Entire Surface</p><p>$24.95 ($3.12 / Fl Oz)</p><a href="https://www.amazon.com/dp/B0BTJ9DJM5?tag=eloabder-20&linkCode=osi&th=1&psc=1">View Product</a></div><div class="product"><a href="https://www.amazon.com/dp/B013K5V9PQ?tag=eloabder-20&linkCode=osi&th=1&psc=1"><img src="https://m.media-amazon.com/images/I/41V3rm6NlZL._SL500_.jpg" alt="Product Image"></a><p>CARPRO PolyShave Decon Towel - Car Detailing Clay Decontamination Faster than Clay Bar, Clean & Release of Paint Contaminants and Glass - Increase Wax and Sealant Bond - 12" x 12" (1 Pack)</p><p>$39.97</p><a href="https://www.amazon.com/dp/B013K5V9PQ?tag=eloabder-20&linkCode=osi&th=1&psc=1">View Product</a></div><div class="product"><a href="https://www.amazon.com/dp/B0B788NBWG?tag=eloabder-20&linkCode=osi&th=1&psc=1"><img src="https://m.media-amazon.com/images/I/51NDfAOuEmL._SL500_.jpg" alt="Product Image"></a><p>P & S Professional Detail Products - Clay Decontamination Towel - Effective Cleaning & Release of Paint Contaminants; Increase Wax & Sealant Bond; Enhance Gloss & Depth of Color; Fine Grade-12" x 12"</p><p>$34.95</p><a href="https://www.amazon.com/dp/B0B788NBWG?tag=eloabder-20&linkCode=osi&th=1&psc=1">View Product</a></div><div class="product"><a href="https://www.amazon.com/dp/B0B27TFK69?tag=eloabder-20&linkCode=osi&th=1&psc=1"><img src="https://m.media-amazon.com/images/I/41zJPQIcqeL._SL500_.jpg" alt="Product Image"></a><p>The Rag Company - Ultra Clay Decontamination Mitt - Easy to Use; Effective Cleaning & Release of Paint Contaminants; Increase Wax & Sealant Bond; Enhance Gloss &Color Depth; Fine Grade (8.7"x5.7")</p><p>$34.95</p><a href="https://www.amazon.com/dp/B0B27TFK69?tag=eloabder-20&linkCode=osi&th=1&psc=1">View Product</a></div><div class="product"><a href="https://www.amazon.com/dp/B0C6XBN14N?tag=eloabder-20&linkCode=osi&th=1&psc=1"><img src="https://m.media-amazon.com/images/I/31BSavOJ89L._SL500_.jpg" alt="Product Image"></a><p>3D Iron Remover GLW Series | DIY Car Detailing | Hyper Effective Wheel Decontamination | Removes Iron Particles, Dirt, Brake Dust | Rapid Results | Ultimate Iron & Surface Contaminate Eliminator, 16oz</p><p>$17.99</p><a href="https://www.amazon.com/dp/B0C6XBN14N?tag=eloabder-20&linkCode=osi&th=1&psc=1">View Product</a></div>







<div class="product"><a href="https://www.amazon.com/dp/B0D2SPCW3G?tag=eloabder-20&linkCode=osi&th=1&psc=1"><img src="https://m.media-amazon.com/images/I/41JYIg6xqqL._SL500_.jpg" alt="Product Image"></a><p>Crankcase Ventilation Oil Separator with Gasket Compatible for 2008-2014 Volvo Mack D13 D16 MP8 Engine Replace 21122541 20499419</p><p>$155.99</p><a href="https://www.amazon.com/dp/B0D2SPCW3G?tag=eloabder-20&linkCode=osi&th=1&psc=1">View Product</a></div>

<div class="product"><a href="https://www.amazon.com/dp/B0C6M2FHGX?tag=eloabder-20&linkCode=osi&th=1&psc=1"><img src="https://m.media-amazon.com/images/I/21wWRrpHdbL._SL500_.jpg" alt="Product Image"></a><p>eMagTech 9PCS Warning Sign Please No Smoking Vaping Food Drink Stickers 110x50mm Self-Adhesive Vinyl Window Decal for Car Taxis Buses Minibuses</p><p>$9.49</p><a href="https://www.amazon.com/dp/B0C6M2FHGX?tag=eloabder-20&linkCode=osi&th=1&psc=1">View Product</a></div>

Aucun résultat trouvé.

<div class="product"><a href="https://www.amazon.com/dp/B0CVWZZMRY?tag=eloabder-20&linkCode=osi&th=1&psc=1"><img src="https://m.media-amazon.com/images/I/512y-1GwQNL._SL500_.jpg" alt="Product Image"></a><p>Jewkot 4 PCS Car Wiper Strip, 28" Boneless Structure Car Windshield Cleaning Wiper Strip, DIY Length Auxiliary Cleaning Replacement Accessory, Suitable for Most Cars, Vans, Trucks, Buses (Black)</p><p>$5.58</p><a href="https://www.amazon.com/dp/B0CVWZZMRY?tag=eloabder-20&linkCode=osi&th=1&psc=1">View Product</a></div>
<div class="product"><a href="https://www.amazon.com/dp/B07L3VQC6W?tag=eloabder-20&linkCode=osi&th=1&psc=1"><img src="https://m.media-amazon.com/images/I/41GebP+2HYL._SL500_.jpg" alt="Product Image"></a><p>BRISA VW Collection Volkswagen Air Freshener, Room Freshener, Deodorizer for Cars T1 Bus Campervan Motif (Citrus/Yellow/Set of 2)</p><p>$13.90 ($6.95 / Count)</p><a href="https://www.amazon.com/dp/B07L3VQC6W?tag=eloabder-20&linkCode=osi&th=1&psc=1">View Product</a></div><div class="product"><a href="https://www.amazon.com/dp/B07L3V86JS?tag=eloabder-20&linkCode=osi&th=1&psc=1"><img src="https://m.media-amazon.com/images/I/41TblWhKhQL._SL500_.jpg" alt="Product Image"></a><p>BRISA VW Collection Volkswagen Air Freshener, Room Freshener, Deodorizer for Cars T1 Bus Campervan Motif (New Car/Green/Set of 2)</p><p>$13.90 ($6.95 / Count)</p><a href="https://www.amazon.com/dp/B07L3V86JS?tag=eloabder-20&linkCode=osi&th=1&psc=1">View Product</a></div>


Aucun résultat trouvé.










<div class="product"><a href="https://www.amazon.com/dp/B099HL5SV2?tag=eloabder-20&linkCode=osi&th=1&psc=1"><img src="https://m.media-amazon.com/images/I/31kcR8HnylL._SL500_.jpg" alt="Product Image"></a><p>Philips GoPure GP5212 High Performance HEPA Air Purifier for Car, Removes up to 100 Pollutants, Exhaust Fumes, VOCs, Smoke, Bad Odors, Bacteria and Viruses</p><p>$77.59</p><a href="https://www.amazon.com/dp/B099HL5SV2?tag=eloabder-20&linkCode=osi&th=1&psc=1">View Product</a></div><div class="product"><a href="https://www.amazon.com/dp/B07TB419F7?tag=eloabder-20&linkCode=osi&th=1&psc=1"><img src="https://m.media-amazon.com/images/I/41l9XK-u-eL._SL500_.jpg" alt="Product Image"></a><p>Enoch Ionic Car Air Purifier with Dual USB Car Charger. Car Air Freshener Eliminates Odor, Dust. Removes Smoke, Pet and Food Odor. Ionic Ozone Car Deodorizer (Matt Black)</p><p>$24.50</p><a href="https://www.amazon.com/dp/B07TB419F7?tag=eloabder-20&linkCode=osi&th=1&psc=1">View Product</a></div><div class="product"><a href="https://www.amazon.com/dp/B08C9LKKMM?tag=eloabder-20&linkCode=osi&th=1&psc=1"><img src="https://m.media-amazon.com/images/I/41uJDRzxfrL._SL500_.jpg" alt="Product Image"></a><p>4WDKING Car Air Purifier Ionizer, 12V Plug-in Car Air Freshener Gadgets with Dual USB Charger Removes Cigarette Smoke, Pet and Food Odor, Ionic Ozone (Black)</p><p>$22.99</p><a href="https://www.amazon.com/dp/B08C9LKKMM?tag=eloabder-20&linkCode=osi&th=1&psc=1">View Product</a></div><div class="product"><a href="https://www.amazon.com/dp/B07C7D366L?tag=eloabder-20&linkCode=osi&th=1&psc=1"><img src="https://m.media-amazon.com/images/I/51GvjMcOskL._SL500_.jpg" alt="Product Image"></a><p>Car Air Purifier Ionizer - 12V Plug-in Ionic Anti-Microbial Car Deodorizer with Dual USB Charger - Smoke Smell, Pet and Food Odors, Allergens, Viruses Eliminator for Car (Matte Silver)</p><p>$24.99</p><a href="https://www.amazon.com/dp/B07C7D366L?tag=eloabder-20&linkCode=osi&th=1&psc=1">View Product</a></div><div class="product"><a href="https://www.amazon.com/dp/B086H3FW7T?tag=eloabder-20&linkCode=osi&th=1&psc=1"><img src="https://m.media-amazon.com/images/I/51FfQTz4koL._SL500_.jpg" alt="Product Image"></a><p>bmbu 1000g Large Bamboo Charcoal Air Purifier Bag - Car Deodorizer/Car Freshener - Remove Odor and Control Moisture in Your RV, Camper, SUV, Car, Truck, Closet, Mobile Home, Storage - Non Fragrant</p><p>$22.99 ($0.65 / Ounce)</p><a href="https://www.amazon.com/dp/B086H3FW7T?tag=eloabder-20&linkCode=osi&th=1&psc=1">View Product</a></div><div class="product"><a href="https://www.amazon.com/dp/B019NXUJ5K?tag=eloabder-20&linkCode=osi&th=1&psc=1"><img src="https://m.media-amazon.com/images/I/31grLw6pdUL._SL500_.jpg" alt="Product Image"></a><p>PURGGO Car Air Freshener - Lasts 365+ Days No Chemicals 100% Activated Bamboo Charcoal Fragrance-Free Deodorizer, Natural Auto Odor Eliminator, Purifier, Neutralizer, Absorb Smoke Smell</p><p>$25.99</p><a href="https://www.amazon.com/dp/B019NXUJ5K?tag=eloabder-20&linkCode=osi&th=1&psc=1">View Product</a></div><div class="product"><a href="https://www.amazon.com/dp/B0CT5TBKH5?tag=eloabder-20&linkCode=osi&th=1&psc=1"><img src="https://m.media-amazon.com/images/I/41UB7n6FuwL._SL500_.jpg" alt="Product Image"></a><p>Timgle 1 Pack Car Air Freshener, Lasts 365+ Days, No Chemicals 100% Activated Bamboo Charcoal Fragrance, Free Deodorizer, Natural Auto Odor Eliminator, Purifier, Neutralizer (Khaki Strap)</p><p>$10.99</p><a href="https://www.amazon.com/dp/B0CT5TBKH5?tag=eloabder-20&linkCode=osi&th=1&psc=1">View Product</a></div><div class="product"><a href="https://www.amazon.com/dp/B00V4049K2?tag=eloabder-20&linkCode=osi&th=1&psc=1"><img src="https://m.media-amazon.com/images/I/51rLLMGOc6L._SL500_.jpg" alt="Product Image"></a><p>PURGGO Car Air Freshener - Auto Odor Eliminator - 100% Activated Bamboo Charcoal Air Purifier, Ionizer - Absorb and Remove Smoke Smell - Fragrance-Free Deodorizer - Lasts 365+ Days [Classic Beige]</p><p>$25.99</p><a href="https://www.amazon.com/dp/B00V4049K2?tag=eloabder-20&linkCode=osi&th=1&psc=1">View Product</a></div>








<div class="product"><a href="https://www.amazon.com/dp/B00RYGK12K?tag=eloabder-20&linkCode=osi&th=1&psc=1"><img src="https://m.media-amazon.com/images/I/51RdEyCkvuL._SL500_.jpg" alt="Product Image"></a><p>Little Trees Cardboard Hanging Car, Home & Office Air Freshener, Summer Linen (Pack of 12)</p><p>$11.82 ($0.98 / Count)</p><a href="https://www.amazon.com/dp/B00RYGK12K?tag=eloabder-20&linkCode=osi&th=1&psc=1">View Product</a></div><div class="product"><a href="https://www.amazon.com/dp/B00LM54ZD0?tag=eloabder-20&linkCode=osi&th=1&psc=1"><img src="https://m.media-amazon.com/images/I/41YuRNweefL._SL500_.jpg" alt="Product Image"></a><p>LITTLE TREES Air Fresheners Car Air Freshener. Hanging Tree Provides Long Lasting Scent for Auto or Home. Black Ice, 24 Air Fresheners</p><p>$20.19 ($0.84 / Count)</p><a href="https://www.amazon.com/dp/B00LM54ZD0?tag=eloabder-20&linkCode=osi&th=1&psc=1">View Product</a></div><div class="product"><a href="https://www.amazon.com/dp/B09BB4V1Y8?tag=eloabder-20&linkCode=osi&th=1&psc=1"><img src="https://m.media-amazon.com/images/I/51AKMdDLO-L._SL500_.jpg" alt="Product Image"></a><p>DRIVEJOY Car Air Freshener Vent Clips, 8 PK, 6 Ocean, 2 New Car Scent, Car Fresheners for Men Women, Up to 240 Days, Long Lasting Air Freshener for Car, Odor Eliminator</p><p>$9.98 ($9.60 / Fl Oz)</p><a href="https://www.amazon.com/dp/B09BB4V1Y8?tag=eloabder-20&linkCode=osi&th=1&psc=1">View Product</a></div><div class="product"><a href="https://www.amazon.com/dp/B078JWRLYT?tag=eloabder-20&linkCode=osi&th=1&psc=1"><img src="https://m.media-amazon.com/images/I/41shbIl-LEL._SL500_.jpg" alt="Product Image"></a><p>California Scents Air Freshener 4-Pack Car Air Freshener (Coronado Cherry)</p><p>$12.88 ($2.15 / Ounce)</p><a href="https://www.amazon.com/dp/B078JWRLYT?tag=eloabder-20&linkCode=osi&th=1&psc=1">View Product</a></div><div class="product"><a href="https://www.amazon.com/dp/B0CW4CJWW9?tag=eloabder-20&linkCode=osi&th=1&psc=1"><img src="https://m.media-amazon.com/images/I/417lKQ0MXPL._SL500_.jpg" alt="Product Image"></a><p>Karma, Essential Oil Air Freshener for Cars Set of 2, Home & Office - Colorful Decorative Hanging Air Freshener with Tassel, Buttercup Vanilla Scented</p><p>$8.40 ($4.20 / Count)</p><a href="https://www.amazon.com/dp/B0CW4CJWW9?tag=eloabder-20&linkCode=osi&th=1&psc=1">View Product</a></div><div class="product"><a href="https://www.amazon.com/dp/B00AYCXL2I?tag=eloabder-20&linkCode=osi&th=1&psc=1"><img src="https://m.media-amazon.com/images/I/5165h10nKbL._SL500_.jpg" alt="Product Image"></a><p>Febreze Car Air Fresheners, New Car Scent, Odor Eliminator for Strong Odors Car Vent Clips (2 Count)</p><p>$9.98 ($4.99 / Count)</p><a href="https://www.amazon.com/dp/B00AYCXL2I?tag=eloabder-20&linkCode=osi&th=1&psc=1">View Product</a></div><div class="product"><a href="https://www.amazon.com/dp/B01LZ0N1MJ?tag=eloabder-20&linkCode=osi&th=1&psc=1"><img src="https://m.media-amazon.com/images/I/41J5LJGof9L._SL500_.jpg" alt="Product Image"></a><p>LITTLE TREES Car Air Freshener | Hanging Paper Tree for Home or Car | New Car Scent | 12 Pack</p><p>$11.70 ($0.98 / Count)</p><a href="https://www.amazon.com/dp/B01LZ0N1MJ?tag=eloabder-20&linkCode=osi&th=1&psc=1">View Product</a></div><div class="product"><a href="https://www.amazon.com/dp/B0C2Q2VGPZ?tag=eloabder-20&linkCode=osi&th=1&psc=1"><img src="https://m.media-amazon.com/images/I/413gckSL1EL._SL500_.jpg" alt="Product Image"></a><p>Savage Disposable Card Freshener for Men | Car Scents Air Freshener with Sauvage Fragrance | Strong Car Perfume Air Freshener with Odour Eliminating Technology | Suvage by Perfa</p><p>$6.99</p><a href="https://www.amazon.com/dp/B0C2Q2VGPZ?tag=eloabder-20&linkCode=osi&th=1&psc=1">View Product</a></div>

<div class="product"><a href="https://www.amazon.com/dp/B0D464228M?tag=eloabder-20&linkCode=osi&th=1&psc=1"><img src="https://m.media-amazon.com/images/I/315VtBe9l-L._SL500_.jpg" alt="Product Image"></a><p>Drift Car Air Freshener - Wood Air Freshener - Car Odor Eliminator - Open Air Scent Starter Kit</p><p>$11.95</p><a href="https://www.amazon.com/dp/B0D464228M?tag=eloabder-20&linkCode=osi&th=1&psc=1">View Product</a></div>
<div class="product"><a href="https://www.amazon.com/dp/B071HR14SJ?tag=eloabder-20&linkCode=osi&th=1&psc=1"><img src="https://m.media-amazon.com/images/I/41crypCefDL._SL500_.jpg" alt="Product Image"></a><p>Meguiar's Gold Class Car Wash Soap, Ultra-Rich Car Wash Soap and Conditioner for Car Cleaning, Car Wash Soap to Clean and Condition in One Easy Step, 1 Gallon Car Wash Soap</p><p>$24.99 ($0.20 / Ounce)</p><a href="https://www.amazon.com/dp/B071HR14SJ?tag=eloabder-20&linkCode=osi&th=1&psc=1">View Product</a></div><div class="product"><a href="https://www.amazon.com/dp/B085R9L9Q9?tag=eloabder-20&linkCode=osi&th=1&psc=1"><img src="https://m.media-amazon.com/images/I/41tAv1FNbZL._SL500_.jpg" alt="Product Image"></a><p>Armor All Extreme Shield Protectant Spray , Interior Car Cleaner with UV Protection Against Cracking and Fading, 16 Fl Oz</p><p>$8.98 ($0.56 / Fl Oz)</p><a href="https://www.amazon.com/dp/B085R9L9Q9?tag=eloabder-20&linkCode=osi&th=1&psc=1">View Product</a></div><div class="product"><a href="https://www.amazon.com/dp/B016NA9Y4S?tag=eloabder-20&linkCode=osi&th=1&psc=1"><img src="https://m.media-amazon.com/images/I/31oz8VJFdjL._SL500_.jpg" alt="Product Image"></a><p>Rain-X 5079281-2 Latitude 2-In-1 Wiper Blades, 26 Inch Windshield Wipers (Pack Of 1), Automotive Replacement Windshield Wiper Blades With Patented Rain-X Water Repellency Formula</p><p>$17.08</p><a href="https://www.amazon.com/dp/B016NA9Y4S?tag=eloabder-20&linkCode=osi&th=1&psc=1">View Product</a></div><div class="product"><a href="https://www.amazon.com/dp/B0D2PCCJVK?tag=eloabder-20&linkCode=osi&th=1&psc=1"><img src="https://m.media-amazon.com/images/I/41BFT-c3a9L._SL500_.jpg" alt="Product Image"></a><p>HoogaLife Car Air Freshener Diffuser – Revitalize Your Drive with Hanging Air Freshener Diffuser Aromatic Bliss On The Go(VANILLA CREAM)</p><p>$12.99 ($24.06 / Fl Oz)</p><a href="https://www.amazon.com/dp/B0D2PCCJVK?tag=eloabder-20&linkCode=osi&th=1&psc=1">View Product</a></div><div class="product"><a href="https://www.amazon.com/dp/B0D17SKCLF?tag=eloabder-20&linkCode=osi&th=1&psc=1"><img src="https://m.media-amazon.com/images/I/51VjaK8JNmL._SL500_.jpg" alt="Product Image"></a><p>AIDEA Car Wash Mitt Microfiber, 1PK-Scratch-Free& Lint-Free, Premium Chenille Microfiber Wash Mitt-Green Regular Size (7.12''X10.14'')</p><p>$5.99</p><a href="https://www.amazon.com/dp/B0D17SKCLF?tag=eloabder-20&linkCode=osi&th=1&psc=1">View Product</a></div>








<div class="product"><a href="https://www.amazon.com/dp/B00UZE8D00?tag=eloabder-20&linkCode=osi&th=1&psc=1"><img src="https://m.media-amazon.com/images/I/517VVkgvgcL._SL500_.jpg" alt="Product Image"></a><p>Chemical Guys HOL_996 Convertible Top Cleaner and Protectant Kit, 16 oz, 2 Items</p><p>$29.99</p><a href="https://www.amazon.com/dp/B00UZE8D00?tag=eloabder-20&linkCode=osi&th=1&psc=1">View Product</a></div><div class="product"><a href="https://www.amazon.com/dp/B004HCS4NW?tag=eloabder-20&linkCode=osi&th=1&psc=1"><img src="https://m.media-amazon.com/images/I/41j5b6xRqNL._SL500_.jpg" alt="Product Image"></a><p>Meguiar's Convertible Top Cleaner - Fabric Convertible Top Cleaner and Vinyl Convertible Top Cleaner in One Advanced Formula - Safely Removes Stains, Mildew, Bird Droppings, and More, 16 Oz</p><p>$6.87 ($0.43 / Ounce)</p><a href="https://www.amazon.com/dp/B004HCS4NW?tag=eloabder-20&linkCode=osi&th=1&psc=1">View Product</a></div><div class="product"><a href="https://www.amazon.com/dp/B00UZE80N0?tag=eloabder-20&linkCode=osi&th=1&psc=1"><img src="https://m.media-amazon.com/images/I/31FG83SK9SL._SL500_.jpg" alt="Product Image"></a><p>Chemical Guys SPI_193_16 Convertible Top Protectant and Repellent, (Helps Prevent Fading & Discoloration on Fabric Sot Tops) 16 fl oz (Packaging May Vary)</p><p>$19.99 ($1.25 / Fl Oz)</p><a href="https://www.amazon.com/dp/B00UZE80N0?tag=eloabder-20&linkCode=osi&th=1&psc=1">View Product</a></div><div class="product"><a href="https://www.amazon.com/dp/B00UZE8C1A?tag=eloabder-20&linkCode=osi&th=1&psc=1"><img src="https://m.media-amazon.com/images/I/31aLnXKZxfL._SL500_.jpg" alt="Product Image"></a><p>Chemical Guys ACC_S94 Convertible Top Horse Hair Cleaning Brush, Safe for Cloth Soft Tops, Upholstery, Leather, Furniture, & More</p><p>$14.99</p><a href="https://www.amazon.com/dp/B00UZE8C1A?tag=eloabder-20&linkCode=osi&th=1&psc=1">View Product</a></div><div class="product"><a href="https://www.amazon.com/dp/B000A8JNF0?tag=eloabder-20&linkCode=osi&th=1&psc=1"><img src="https://m.media-amazon.com/images/I/51PLChiVIrL._SL500_.jpg" alt="Product Image"></a><p>303 Products Convertible Fabric Top Cleaning and Care Kit - Cleans And Protects Fabric Tops - Includes Tonneau Cover And Convertible Top Cleaner 16 fl. oz. + Fabric Guard, (30520)</p><p>$32.79 ($1.02 / Fl Oz)</p><a href="https://www.amazon.com/dp/B000A8JNF0?tag=eloabder-20&linkCode=osi&th=1&psc=1">View Product</a></div>
<div class="product"><a href="https://www.amazon.com/dp/B0BCQ1XMWV?tag=eloabder-20&linkCode=osi&th=1&psc=1"><img src="https://m.media-amazon.com/images/I/41lV6Au-S9L._SL500_.jpg" alt="Product Image"></a><p>EMITHSUN® Windshield Wiper Blades Replacement for Honda Civic Coupe 2 Door 2005-2011,That Meet OEM Quality Front Wipers Blade Set for My Car-28"+24"(Set of 2)</p><p>$19.99</p><a href="https://www.amazon.com/dp/B0BCQ1XMWV?tag=eloabder-20&linkCode=osi&th=1&psc=1">View Product</a></div>
<div class="product"><a href="https://www.amazon.com/dp/B00I8ITVZG?tag=eloabder-20&linkCode=osi&th=1&psc=1"><img src="https://m.media-amazon.com/images/I/41TXd564pcL._SL500_.jpg" alt="Product Image"></a><p>ECOGARD XC36067 Premium Cabin Air Filter Fits Hyundai Genesis 2009-2016, Equus 2011-2016 | Genesis G80 2017-2021, G90 2019-2021, GV80 2021 | Kia K900 2020</p><p>$10.98</p><a href="https://www.amazon.com/dp/B00I8ITVZG?tag=eloabder-20&linkCode=osi&th=1&psc=1">View Product</a></div>

<div class="product"><a href="https://www.amazon.com/dp/B097C3NCP1?tag=eloabder-20&linkCode=osi&th=1&psc=1"><img src="https://m.media-amazon.com/images/I/41GXST2+s6L._SL500_.jpg" alt="Product Image"></a><p>Raidbee 12 inch Rear Wiper Blade Replacement for Toyota Corolla Hatchback 2022-2019, Nissan Versa 2019-2014 Back Windshield Wiper (H306/12-B)</p><p>$6.99</p><a href="https://www.amazon.com/dp/B097C3NCP1?tag=eloabder-20&linkCode=osi&th=1&psc=1">View Product</a></div>



<div class="product"><a href="https://www.amazon.com/dp/B0CQ4MLKHJ?tag=eloabder-20&linkCode=osi&th=1&psc=1"><img src="https://m.media-amazon.com/images/I/519f8covwQL._SL500_.jpg" alt="Product Image"></a><p>Feetiger All-in-1 Fire Extinguisher for Home, Kitchen, Car, Garage, RV, Truck, Boat, Camping, Fire Spray that Tackles Multiple Types of Fire, 2pack</p><p>$39.99</p><a href="https://www.amazon.com/dp/B0CQ4MLKHJ?tag=eloabder-20&linkCode=osi&th=1&psc=1">View Product</a></div>
<div class="product"><a href="https://www.amazon.com/dp/B07TS4JV6H?tag=eloabder-20&linkCode=osi&th=1&psc=1"><img src="https://m.media-amazon.com/images/I/412htpDd6fL._SL500_.jpg" alt="Product Image"></a><p>Police Flag Air Freshener, New Car Scent, 6-Pack</p><p>$9.99 ($1.66 / Count)</p><a href="https://www.amazon.com/dp/B07TS4JV6H?tag=eloabder-20&linkCode=osi&th=1&psc=1">View Product</a></div>


<div class="product"><a href="https://www.amazon.com/dp/B009EU5ZNO?tag=eloabder-20&linkCode=osi&th=1&psc=1"><img src="https://m.media-amazon.com/images/I/515MJLZbnoL._SL500_.jpg" alt="Product Image"></a><p>J-B Weld 50133 Plastic Bonder Structural Adhesive Syringe - Tan - 25 ml</p><p>$6.98 ($8.21 / Fl Oz)</p><a href="https://www.amazon.com/dp/B009EU5ZNO?tag=eloabder-20&linkCode=osi&th=1&psc=1">View Product</a></div>



<div class="product"><a href="https://www.amazon.com/dp/B09P6YZP72?tag=eloabder-20&linkCode=osi&th=1&psc=1"><img src="https://m.media-amazon.com/images/I/416rlvu+ayL._SL500_.jpg" alt="Product Image"></a><p>AUTOBOO 26"+20" Windshield Wipers with 16" Rear Wiper Blade Replacement for Dodge Grand Caravan 2008-2012 2013 2014 2015 2016 2017 2018 2019 -Original Factory Quality (Pack of 3)</p><p>$23.99</p><a href="https://www.amazon.com/dp/B09P6YZP72?tag=eloabder-20&linkCode=osi&th=1&psc=1">View Product</a></div><div class="product"><a href="https://www.amazon.com/dp/B0BLYQBDS8?tag=eloabder-20&linkCode=osi&th=1&psc=1"><img src="https://m.media-amazon.com/images/I/51SbpSR2zBL._SL500_.jpg" alt="Product Image"></a><p>A-Premium Engine Air Filter Compatible with Chrysler Town & Country & Dodge Grand Caravan & Ram C/V & Volkswagen Routan, 2011-2020, Flexible Panel, Replace# 4861737AA</p><p>$12.99</p><a href="https://www.amazon.com/dp/B0BLYQBDS8?tag=eloabder-20&linkCode=osi&th=1&psc=1">View Product</a></div>
<div class="product"><a href="https://www.amazon.com/dp/B001FCB4JS?tag=eloabder-20&linkCode=osi&th=1&psc=1"><img src="https://m.media-amazon.com/images/I/21wq6fxqiVL._SL500_.jpg" alt="Product Image"></a><p>Dicor BT-1834-1 Butyl Seal Tape - 1/8" x 3/4" x 30' Repair Tape for RV, Trailer, Motorhome, Window, and Vent Sealing</p><p>$13.15 ($0.44 / Foot)</p><a href="https://www.amazon.com/dp/B001FCB4JS?tag=eloabder-20&linkCode=osi&th=1&psc=1">View Product</a></div>
<div class="product"><a href="https://www.amazon.com/dp/B000BUQOD6?tag=eloabder-20&linkCode=osi&th=1&psc=1"><img src="https://m.media-amazon.com/images/I/41O0CoP1L3L._SL500_.jpg" alt="Product Image"></a><p>Camco Camper/RV Toilet Paper | Sewer-Safe, Septic-Safe & Biodegradable | Designed for Camper, Trailer & Marine Sanitation Systems | 1-Ply Tissue | 4 Toilet Paper Rolls – 280 Sheets per Roll (40275)</p><p>$5.99 ($2.14 / 100 Sheets)</p><a href="https://www.amazon.com/dp/B000BUQOD6?tag=eloabder-20&linkCode=osi&th=1&psc=1">View Product</a></div><div class="product"><a href="https://www.amazon.com/dp/B007JG1W1E?tag=eloabder-20&linkCode=osi&th=1&psc=1"><img src="https://m.media-amazon.com/images/I/41i-j99E9ML._SL500_.jpg" alt="Product Image"></a><p>Camco TST Camper / RV Grey Water Odor Control - Removes Grease Buildup in Gray Water Tank, Sink & Shower Drains - 4oz Treats 40-Gal Holding Tank - Safe Septic Tank Treatment - Lemon, 64 oz (40256)</p><p>$19.94 ($0.31 / Fl Oz)</p><a href="https://www.amazon.com/dp/B007JG1W1E?tag=eloabder-20&linkCode=osi&th=1&psc=1">View Product</a></div><div class="product"><a href="https://www.amazon.com/dp/B016V2OSD0?tag=eloabder-20&linkCode=osi&th=1&psc=1"><img src="https://m.media-amazon.com/images/I/31Jm99RYVXL._SL500_.jpg" alt="Product Image"></a><p>Camco TST MAX RV Toilet Treatment Drop-INs | Control Unwanted Odors and Break Down Waste and Tissue | Septic Tank Safe | Lavender Scent | 15-pack (41559)</p><p>$11.97 ($0.80 / Count)</p><a href="https://www.amazon.com/dp/B016V2OSD0?tag=eloabder-20&linkCode=osi&th=1&psc=1">View Product</a></div>






<div class="product"><a href="https://www.amazon.com/dp/B006GJYOL0?tag=eloabder-20&linkCode=osi&th=1&psc=1"><img src="https://m.media-amazon.com/images/I/41YPjiCzDfL._SL500_.jpg" alt="Product Image"></a><p>Boat Bling HS-0128 Hot Sauce Hard Water Spot Remover, Gallon Refill, for Boats, RVs, Powersport Vehicles and More, Black,1 Gallon</p><p>$54.95 ($0.43 / Fl Oz)</p><a href="https://www.amazon.com/dp/B006GJYOL0?tag=eloabder-20&linkCode=osi&th=1&psc=1">View Product</a></div><div class="product"><a href="https://www.amazon.com/dp/B0000AXVCB?tag=eloabder-20&linkCode=osi&th=1&psc=1"><img src="https://m.media-amazon.com/images/I/51gtsDb7zDL._SL500_.jpg" alt="Product Image"></a><p>Meguiar's M4364 Marine/RV Boat Wash - 64 Oz Container</p><p>$13.99 ($0.22 / Fl Oz)</p><a href="https://www.amazon.com/dp/B0000AXVCB?tag=eloabder-20&linkCode=osi&th=1&psc=1">View Product</a></div><div class="product"><a href="https://www.amazon.com/dp/B0007TR47G?tag=eloabder-20&linkCode=osi&th=1&psc=1"><img src="https://m.media-amazon.com/images/I/41Q4SzlVojL._SL500_.jpg" alt="Product Image"></a><p>Meguiar's Flagship Premium Marine Wax, Boat Polish and Oxidation Remover - 32 Oz Bottle</p><p>$21.49</p><a href="https://www.amazon.com/dp/B0007TR47G?tag=eloabder-20&linkCode=osi&th=1&psc=1">View Product</a></div><div class="product"><a href="https://www.amazon.com/dp/B006GJYLFY?tag=eloabder-20&linkCode=osi&th=1&psc=1"><img src="https://m.media-amazon.com/images/I/31G78TSjssL._SL500_.jpg" alt="Product Image"></a><p>Boat Bling Condition Sauce Premium Interior Moisturizer w/UV Protection, 32 oz.</p><p>$27.95</p><a href="https://www.amazon.com/dp/B006GJYLFY?tag=eloabder-20&linkCode=osi&th=1&psc=1">View Product</a></div><div class="product"><a href="https://www.amazon.com/dp/B006GJYKWI?tag=eloabder-20&linkCode=osi&th=1&psc=1"><img src="https://m.media-amazon.com/images/I/41AcDanNz-L._SL500_.jpg" alt="Product Image"></a><p>Boat Bling VS-0032 Vinyl Sauce Premium Vinyl and Leather Cleaner, 32 Oz., for Boats, RVs, Powersport Vehicles and More</p><p>$22.95 ($0.72 / Fl Oz)</p><a href="https://www.amazon.com/dp/B006GJYKWI?tag=eloabder-20&linkCode=osi&th=1&psc=1">View Product</a></div>
<div class="product"><a href="https://www.amazon.com/dp/B004OJTEKK?tag=eloabder-20&linkCode=osi&th=1&psc=1"><img src="https://m.media-amazon.com/images/I/41q8kkNiKOL._SL500_.jpg" alt="Product Image"></a><p>Shurhold Yacht Brite YBP-0302 Brite Wash - 1 Gallon</p><p>$23.97 ($0.19 / Fl Oz)</p><a href="https://www.amazon.com/dp/B004OJTEKK?tag=eloabder-20&linkCode=osi&th=1&psc=1">View Product</a></div>




<div class="product"><a href="https://www.amazon.com/dp/B0B2RDZNZB?tag=eloabder-20&linkCode=osi&th=1&psc=1"><img src="https://m.media-amazon.com/images/I/51RVSUoRuGL._SL500_.jpg" alt="Product Image"></a><p>Fancemot Helicopter Car Air Fresheners Rotating Solar Car Fresheners Airplane Car Perfume (Osmanthus & Vanilla)</p><p>$14.08</p><a href="https://www.amazon.com/dp/B0B2RDZNZB?tag=eloabder-20&linkCode=osi&th=1&psc=1">View Product</a></div><div class="product"><a href="https://www.amazon.com/dp/B0994PG1ZD?tag=eloabder-20&linkCode=osi&th=1&psc=1"><img src="https://m.media-amazon.com/images/I/413er0A8cVS._SL500_.jpg" alt="Product Image"></a><p>NICEADA Car Air Freshener, Helicopter Solar Energy Rotating Aromatherapy Aviation Al Alloy Diffuser, Interior Decoration Accessories Diffuser for Car and Home (Silver)</p><p>$23.99</p><a href="https://www.amazon.com/dp/B0994PG1ZD?tag=eloabder-20&linkCode=osi&th=1&psc=1">View Product</a></div><div class="product"><a href="https://www.amazon.com/dp/B09ZTMZKSJ?tag=eloabder-20&linkCode=osi&th=1&psc=1"><img src="https://m.media-amazon.com/images/I/41rz5PydC9L._SL500_.jpg" alt="Product Image"></a><p>Air Freshener, Gigicloud Car Fragrance Diffuser Solar Rotating Automotive Air Fresheners Ornament Helicopter Shape Solid Aromatherapy Decoration for Car and Home (Black)</p><p>$15.49</p><a href="https://www.amazon.com/dp/B09ZTMZKSJ?tag=eloabder-20&linkCode=osi&th=1&psc=1">View Product</a></div><div class="product"><a href="https://www.amazon.com/dp/B0CWNNPCD3?tag=eloabder-20&linkCode=osi&th=1&psc=1"><img src="https://m.media-amazon.com/images/I/51nznnJJhfL._SL500_.jpg" alt="Product Image"></a><p>Car Air Freshener Diffuser, KaiDengZhe 1PCS Helicopter Solar Energy Rotating Aromatherapy Aviation Al Alloy Diffuser, Car Diffuser for Essential Oils, Relieve Stress and Purifie Odors for Car and Home</p><p>$15.99</p><a href="https://www.amazon.com/dp/B0CWNNPCD3?tag=eloabder-20&linkCode=osi&th=1&psc=1">View Product</a></div><div class="product"><a href="https://www.amazon.com/dp/B0B8T47G65?tag=eloabder-20&linkCode=osi&th=1&psc=1"><img src="https://m.media-amazon.com/images/I/41d6cgVheqL._SL500_.jpg" alt="Product Image"></a><p>Joyfunky Car Air Fresheners with Solar Rotating, Creative Car Perfume Decoration, Relieve Stress and Purifie Odors, Use at Car, office and Home, Silver</p><p>$12.99</p><a href="https://www.amazon.com/dp/B0B8T47G65?tag=eloabder-20&linkCode=osi&th=1&psc=1">View Product</a></div><div class="product"><a href="https://www.amazon.com/dp/B0D4ZHJVK8?tag=eloabder-20&linkCode=osi&th=1&psc=1"><img src="https://m.media-amazon.com/images/I/41sEhsjtb4L._SL500_.jpg" alt="Product Image"></a><p>NICEADA Helicopter Solar Car Air Freshener Refill Set, Solar Essential Oil Refill Perfume Oil for Car Air Fresheners(4 Packs)</p><p>$21.99 ($24.99 / Fl Oz)</p><a href="https://www.amazon.com/dp/B0D4ZHJVK8?tag=eloabder-20&linkCode=osi&th=1&psc=1">View Product</a></div><div class="product"><a href="https://www.amazon.com/dp/B0D251XW47?tag=eloabder-20&linkCode=osi&th=1&psc=1"><img src="https://m.media-amazon.com/images/I/41x6lmNq9fL._SL500_.jpg" alt="Product Image"></a><p>Helicopter Car Air Fresheners with Solar Rotating, Creative Car Perfume Decoration, Car Airplane Fragrance Diffuser for Car, Home, Office (Silver)</p><p>$13.09</p><a href="https://www.amazon.com/dp/B0D251XW47?tag=eloabder-20&linkCode=osi&th=1&psc=1">View Product</a></div>

<div class="product"><a href="https://www.amazon.com/dp/B0D4154TQG?tag=eloabder-20&linkCode=osi&th=1&psc=1"><img src="https://m.media-amazon.com/images/I/217Iw-nO3UL._SL500_.jpg" alt="Product Image"></a><p>RV Curtain Glide Tape A115, 1/2 Inch Glides Clear RV Curtain Strip Curtain Slide Tape 72 Inches Long Use with Ceiling or Wall Mount Curtain Track A201 A202 (2 Pack)</p><p>$17.99</p><a href="https://www.amazon.com/dp/B0D4154TQG?tag=eloabder-20&linkCode=osi&th=1&psc=1">View Product</a></div>
<div class="product"><a href="https://www.amazon.com/dp/B08W4PQN8L?tag=eloabder-20&linkCode=osi&th=1&psc=1"><img src="https://m.media-amazon.com/images/I/41udmrd6QTL._SL500_.jpg" alt="Product Image"></a><p>Hot Air Balloon Novelty Air Freshener for Car - Sandalwood Scented Automotive Accessory New Mexico Souvenir Gift (Pack of 4)</p><p>$7.99 ($2.00 / Count)</p><a href="https://www.amazon.com/dp/B08W4PQN8L?tag=eloabder-20&linkCode=osi&th=1&psc=1">View Product</a></div>















<div class="product"><a href="https://www.amazon.com/dp/B0CP87K2VD?tag=eloabder-20&linkCode=osi&th=1&psc=1"><img src="https://m.media-amazon.com/images/I/41dTH4OPkcL._SL500_.jpg" alt="Product Image"></a><p>For harley air cleaner filter Touring street glide road king electra tri trike Dyna Sportster XL 883 1200 Softail air intake (Drift style -Contrast Cut, C-For Touring 08-16, Softail 16-17)</p><p>$125.00</p><a href="https://www.amazon.com/dp/B0CP87K2VD?tag=eloabder-20&linkCode=osi&th=1&psc=1">View Product</a></div><div class="product"><a href="https://www.amazon.com/dp/B08DNLNY3G?tag=eloabder-20&linkCode=osi&th=1&psc=1"><img src="https://m.media-amazon.com/images/I/51baNj3o8CL._SL500_.jpg" alt="Product Image"></a><p>2963308 HD1508 Ultra Classic Air Filter Cleaner for 2008-2014 Harley Davidson Street Glide, Electra Glide, Road King, Road Glide Custom, Ultra Classic and other select models HD-1508</p><p>$21.99</p><a href="https://www.amazon.com/dp/B08DNLNY3G?tag=eloabder-20&linkCode=osi&th=1&psc=1">View Product</a></div><div class="product"><a href="https://www.amazon.com/dp/B0CQ2KKC3N?tag=eloabder-20&linkCode=osi&th=1&psc=1"><img src="https://m.media-amazon.com/images/I/31W2a0gAwIL._SL500_.jpg" alt="Product Image"></a><p>High-Flo Replacement Air Filter Element For Ventilator - Milwaukee-Eight Engine '18-later Softail and '17-later Touring and Trike Models Equipped with 114 Air Cleaner</p><p>$39.99</p><a href="https://www.amazon.com/dp/B0CQ2KKC3N?tag=eloabder-20&linkCode=osi&th=1&psc=1">View Product</a></div><div class="product"><a href="https://www.amazon.com/dp/B0CPJ5BSGM?tag=eloabder-20&linkCode=osi&th=1&psc=1"><img src="https://m.media-amazon.com/images/I/41cUadnGKpL._SL500_.jpg" alt="Product Image"></a><p>For harley air cleaner filter sportster street road glide king for harley davidson motorcycle air intake (Nake style -Black, A-For Sportster XL models)</p><p>$169.00</p><a href="https://www.amazon.com/dp/B0CPJ5BSGM?tag=eloabder-20&linkCode=osi&th=1&psc=1">View Product</a></div><div class="product"><a href="https://www.amazon.com/dp/B0CR17NS1M?tag=eloabder-20&linkCode=osi&th=1&psc=1"><img src="https://m.media-amazon.com/images/I/41n57oM0A-L._SL500_.jpg" alt="Product Image"></a><p>For harley air cleaner filter Sportster Softail Touring street road king glide Dyna for harley davidson air intake filters (Speed 7 style -gray filter, C-For Touring 08-16, Softail 16-17)</p><p>$89.00</p><a href="https://www.amazon.com/dp/B0CR17NS1M?tag=eloabder-20&linkCode=osi&th=1&psc=1">View Product</a></div><div class="product"><a href="https://www.amazon.com/dp/B0CR167HDN?tag=eloabder-20&linkCode=osi&th=1&psc=1"><img src="https://m.media-amazon.com/images/I/41o4byfzbRL._SL500_.jpg" alt="Product Image"></a><p>For harley davidson air cleaner filter sportster Touring street glide road king electra Dyna Softail motorcycle air intake (Chromed- gray filter, C-For Touring 2008-2016)</p><p>$99.00</p><a href="https://www.amazon.com/dp/B0CR167HDN?tag=eloabder-20&linkCode=osi&th=1&psc=1">View Product</a></div>







<div class="product"><a href="https://www.amazon.com/dp/B08WH8CWDM?tag=eloabder-20&linkCode=osi&th=1&psc=1"><img src="https://m.media-amazon.com/images/I/41Jj3ouB+1L._SL500_.jpg" alt="Product Image"></a><p>Glaze 'N Seal Color Enhancer Paver Sealer, 1 Gallon (923)</p><p>$62.99</p><a href="https://www.amazon.com/dp/B08WH8CWDM?tag=eloabder-20&linkCode=osi&th=1&psc=1">View Product</a></div>

<div class="product"><a href="https://www.amazon.com/dp/B0B58G8WRX?tag=eloabder-20&linkCode=osi&th=1&psc=1"><img src="https://m.media-amazon.com/images/I/41hjxJMTGJL._SL500_.jpg" alt="Product Image"></a><p>Solarhome Air Filter 333-D2696 333D2696 Compatible with JCB Backhoe Loader 3CX 4CX Telehandler 531-70</p><p>$34.50</p><a href="https://www.amazon.com/dp/B0B58G8WRX?tag=eloabder-20&linkCode=osi&th=1&psc=1">View Product</a></div>




<div class="product"><a href="https://www.amazon.com/dp/B07G7XG6BV?tag=eloabder-20&linkCode=osi&th=1&psc=1"><img src="https://m.media-amazon.com/images/I/510tZGutn6L._SL500_.jpg" alt="Product Image"></a><p>Holikme 6Pack Cleaning Brush Power Scrubber Cleaning Brush Extended Long Attachment Set All Purpose Scrub Brushes Kit for Grout, Floor, Tub, Shower, Tile, Bathroom,Car Cleaning Brush，Yellow</p><p>$6.95</p><a href="https://www.amazon.com/dp/B07G7XG6BV?tag=eloabder-20&linkCode=osi&th=1&psc=1">View Product</a></div>



<div class="product"><a href="https://www.amazon.com/dp/B000FW2NWQ?tag=eloabder-20&linkCode=osi&th=1&psc=1"><img src="https://m.media-amazon.com/images/I/31VlBDw7uDL._SL500_.jpg" alt="Product Image"></a><p>Performance Tool W233 12-Inch Long Reach Extension Scraper with 3pc Double Edged Plastic Razor Scraper Blades and 3pc Carbon Steel Razor Scraper Blades</p><p>$10.31</p><a href="https://www.amazon.com/dp/B000FW2NWQ?tag=eloabder-20&linkCode=osi&th=1&psc=1">View Product</a></div>
<div class="product"><a href="https://www.amazon.com/dp/B0BV2CQ5SW?tag=eloabder-20&linkCode=osi&th=1&psc=1"><img src="https://m.media-amazon.com/images/I/51VkTDjGg4L._SL500_.jpg" alt="Product Image"></a><p>Filterelated Mixed Bed Deionized Di Resin Filter Fill, Suitable For Spotless Car Wash System Filter Change, Tds Filter, Aquarium Filter, Deionized Car Wash,5 Liters</p><p>$49.99</p><a href="https://www.amazon.com/dp/B0BV2CQ5SW?tag=eloabder-20&linkCode=osi&th=1&psc=1">View Product</a></div><div class="product"><a href="https://www.amazon.com/dp/B01MRVQ9UE?tag=eloabder-20&linkCode=osi&th=1&psc=1"><img src="https://m.media-amazon.com/images/I/51+i6fjU6tL._SL500_.jpg" alt="Product Image"></a><p>Husqvarna XP Pre-Mixed Fuel and Engine Oil Quart (3 Pack),Blue</p><p>$32.99 ($0.34 / Count)</p><a href="https://www.amazon.com/dp/B01MRVQ9UE?tag=eloabder-20&linkCode=osi&th=1&psc=1">View Product</a></div>




<div class="product"><a href="https://www.amazon.com/dp/B01N2G2NEJ?tag=eloabder-20&linkCode=osi&th=1&psc=1"><img src="https://m.media-amazon.com/images/I/41-5g4zEDpL._SL500_.jpg" alt="Product Image"></a><p>Chemical Guys SPI10816 Heavy Duty Water Spot Remover, Safe for Cars, Trucks, Motorcycles, RVs & More, 16 fl oz</p><p>$17.97 ($1.12 / Fl Oz)</p><a href="https://www.amazon.com/dp/B01N2G2NEJ?tag=eloabder-20&linkCode=osi&th=1&psc=1">View Product</a></div>









<div class="product"><a href="https://www.amazon.com/dp/B08YRVH2QV?tag=eloabder-20&linkCode=osi&th=1&psc=1"><img src="https://m.media-amazon.com/images/I/5164O-Jr2QL._SL500_.jpg" alt="Product Image"></a><p>Thetford AquaMAX Summer Cypress Scent RV Holding Tank Treatment, Formaldehyde Free, Waste Digester, Septic Tank Safe, 5 Gallon Bottle (96754)</p><p>$248.18</p><a href="https://www.amazon.com/dp/B08YRVH2QV?tag=eloabder-20&linkCode=osi&th=1&psc=1">View Product</a></div><div class="product"><a href="https://www.amazon.com/dp/B0BPMW7485?tag=eloabder-20&linkCode=osi&th=1&psc=1"><img src="https://m.media-amazon.com/images/I/51WNuQeew7L._SL500_.jpg" alt="Product Image"></a><p>XFasten Butyl Tape Black 1/2” x 30’ x 1/8" Butyl Sealant Tape Headlight Sealant Putty Tape | Black Butyl Caulking Tape | Butyl Tape RV Putty Tape EPDM Automotive Butyl Rubber Window Sealant for RV</p><p>$13.99 ($0.47 / Foot)</p><a href="https://www.amazon.com/dp/B0BPMW7485?tag=eloabder-20&linkCode=osi&th=1&psc=1">View Product</a></div>
<div class="product"><a href="https://www.amazon.com/dp/B006DXWZQU?tag=eloabder-20&linkCode=osi&th=1&psc=1"><img src="https://m.media-amazon.com/images/I/41wtqfFFfQL._SL500_.jpg" alt="Product Image"></a><p>FRAM Ultra Synthetic Automotive Replacement Oil Filter, Designed for Synthetic Oil Changes Lasting up to 20k Miles, XG10575 with SureGrip (Pack of 1)</p><p>$10.79</p><a href="https://www.amazon.com/dp/B006DXWZQU?tag=eloabder-20&linkCode=osi&th=1&psc=1">View Product</a></div><div class="product"><a href="https://www.amazon.com/dp/B01LH7L0XA?tag=eloabder-20&linkCode=osi&th=1&psc=1"><img src="https://m.media-amazon.com/images/I/41yD3QmbyZL._SL500_.jpg" alt="Product Image"></a><p>Shell Rotella T4 Triple Protection Conventional 15W-40 Diesel Engine Oil (1-Gallon, Single Pack)</p><p>$15.98 ($0.12 / Fl Oz)</p><a href="https://www.amazon.com/dp/B01LH7L0XA?tag=eloabder-20&linkCode=osi&th=1&psc=1">View Product</a></div><div class="product"><a href="https://www.amazon.com/dp/B00ICSWGJ0?tag=eloabder-20&linkCode=osi&th=1&psc=1"><img src="https://m.media-amazon.com/images/I/41Ahz5dVc5L._SL500_.jpg" alt="Product Image"></a><p>Castrol Edge 5W-30 Advanced Full Synthetic Motor Oil, 5 Quarts</p><p>$24.72 ($0.15 / Fl Oz)</p><a href="https://www.amazon.com/dp/B00ICSWGJ0?tag=eloabder-20&linkCode=osi&th=1&psc=1">View Product</a></div><div class="product"><a href="https://www.amazon.com/dp/B01N8RPDT8?tag=eloabder-20&linkCode=osi&th=1&psc=1"><img src="https://m.media-amazon.com/images/I/41Qm+9e8sCL._SL500_.jpg" alt="Product Image"></a><p>Motorcraft - Oil - Engine (XO10W305Q3SD)</p><p>$32.27</p><a href="https://www.amazon.com/dp/B01N8RPDT8?tag=eloabder-20&linkCode=osi&th=1&psc=1">View Product</a></div>
<div class="product"><a href="https://www.amazon.com/dp/B07FTRZLM5?tag=eloabder-20&linkCode=osi&th=1&psc=1"><img src="https://m.media-amazon.com/images/I/416uoNYOsXL._SL500_.jpg" alt="Product Image"></a><p>Chemical Guys HOL126 14-Piece Arsenal Builder Car Wash Kit with Foam Gun, Bucket, and (5) 16 oz Car Care Cleaning Chemicals, Gift for Car & Truck Lovers, Dads and DIYers (Works w/Garden Hose)</p><p>$119.99</p><a href="https://www.amazon.com/dp/B07FTRZLM5?tag=eloabder-20&linkCode=osi&th=1&psc=1">View Product</a></div><div class="product"><a href="https://www.amazon.com/dp/B0741RL23Q?tag=eloabder-20&linkCode=osi&th=1&psc=1"><img src="https://m.media-amazon.com/images/I/410wwKZBYVL._SL500_.jpg" alt="Product Image"></a><p>Chemical Guys SPI220 Total Interior Cleaner and Protectant, Safe for Cars, Trucks, SUVs, Jeeps, Motorcycles, RVs & More, 128 fl oz (1 Gallon)</p><p>$54.99 ($0.43 / Fl Oz)</p><a href="https://www.amazon.com/dp/B0741RL23Q?tag=eloabder-20&linkCode=osi&th=1&psc=1">View Product</a></div><div class="product"><a href="https://www.amazon.com/dp/B002J7VX4Y?tag=eloabder-20&linkCode=osi&th=1&psc=1"><img src="https://m.media-amazon.com/images/I/41oijnffQ0L._SL500_.jpg" alt="Product Image"></a><p>Chemical Guys AIR_101_16 New Car Smell Premium Air Freshener and Odor Eliminator, Long-Lasting Scent, Great for Cars, Trucks, SUVs, RVs & More, 16 fl oz</p><p>$10.99 ($0.69 / Fl Oz)</p><a href="https://www.amazon.com/dp/B002J7VX4Y?tag=eloabder-20&linkCode=osi&th=1&psc=1">View Product</a></div><div class="product"><a href="https://www.amazon.com/dp/B077TPG55M?tag=eloabder-20&linkCode=osi&th=1&psc=1"><img src="https://m.media-amazon.com/images/I/51aYksYRthL._SL500_.jpg" alt="Product Image"></a><p>Chemical Guys CWS20264 Tough Mudder Foaming Truck, Off Road, ATV and RV Heavy Duty Wash Soap,(Works with Foam Cannons, Foam Guns or Bucket Washes), 64 fl oz (Half Gallon), Lemon Scent</p><p>$39.99 ($0.62 / Fl Oz)</p><a href="https://www.amazon.com/dp/B077TPG55M?tag=eloabder-20&linkCode=osi&th=1&psc=1">View Product</a></div><div class="product"><a href="https://www.amazon.com/dp/B00BJCAPEE?tag=eloabder-20&linkCode=osi&th=1&psc=1"><img src="https://m.media-amazon.com/images/I/416RIPKVW1L._SL500_.jpg" alt="Product Image"></a><p>Chemical Guys CWS_402 Mr. Pink Foaming Car Wash Soap (Works with Foam Cannons, Foam Guns or Bucket Washes) Safe for Cars, Trucks, Motorcycles, RVs & More, 128 fl oz, Candy Scent</p><p>$39.99 ($0.31 / Fl Oz)</p><a href="https://www.amazon.com/dp/B00BJCAPEE?tag=eloabder-20&linkCode=osi&th=1&psc=1">View Product</a></div><div class="product"><a href="https://www.amazon.com/dp/B01C6AISUK?tag=eloabder-20&linkCode=osi&th=1&psc=1"><img src="https://m.media-amazon.com/images/I/41FrDCDPB6S._SL500_.jpg" alt="Product Image"></a><p>Chemical Guys CLD_700_16 Mat Renew Rubber + Vinyl Floor Mat Cleaner And Protectant, Safe for Cars, Trucks, SUVs, Motorcycles, RVs & More, 16 fl oz</p><p>$10.99 ($0.69 / Fl Oz)</p><a href="https://www.amazon.com/dp/B01C6AISUK?tag=eloabder-20&linkCode=osi&th=1&psc=1">View Product</a></div><div class="product"><a href="https://www.amazon.com/dp/B01N76S0A7?tag=eloabder-20&linkCode=osi&th=1&psc=1"><img src="https://m.media-amazon.com/images/I/51jurhYPCgL._SL500_.jpg" alt="Product Image"></a><p>Chemical Guys HOL131 Premium Chenille Microfiber Car Wash Mop and Heavy Duty Extendable Pole Kit (Great for RVs, Trucks, SUVs, Jeeps & Large Vehicles), With Mr. Pink Foaming Car Wash Soap - 4 fl oz</p><p>$49.99</p><a href="https://www.amazon.com/dp/B01N76S0A7?tag=eloabder-20&linkCode=osi&th=1&psc=1">View Product</a></div><div class="product"><a href="https://www.amazon.com/dp/B009OTW646?tag=eloabder-20&linkCode=osi&th=1&psc=1"><img src="https://m.media-amazon.com/images/I/41lG36UqLBL._SL500_.jpg" alt="Product Image"></a><p>Chemical Guys CWS 110 Honeydew Snow Foam Car Wash Soap (Works with Foam Cannons, Guns or Bucket Washes) Safe for Trucks, Motorcycles, RVs & More, 128 fl oz (1 Gallon), Honeydew Scent</p><p>$39.99 ($0.31 / Fl Oz)</p><a href="https://www.amazon.com/dp/B009OTW646?tag=eloabder-20&linkCode=osi&th=1&psc=1">View Product</a></div><div class="product"><a href="https://www.amazon.com/dp/B08P54Z2C2?tag=eloabder-20&linkCode=osi&th=1&psc=1"><img src="https://m.media-amazon.com/images/I/41Ra65iS2OL._SL500_.jpg" alt="Product Image"></a><p>Chemical Guys WAC23316 HydroSpeed Ceramic Quick Detailer, Safe for Cars, Trucks, SUVs, Motorcycles, RVs & More, 16 fl oz</p><p>$24.99</p><a href="https://www.amazon.com/dp/B08P54Z2C2?tag=eloabder-20&linkCode=osi&th=1&psc=1">View Product</a></div>
<div class="product"><a href="https://www.amazon.com/dp/B0C7WLPQC7?tag=eloabder-20&linkCode=osi&th=1&psc=1"><img src="https://m.media-amazon.com/images/I/41hJeSxsSWL._SL500_.jpg" alt="Product Image"></a><p>Detail King Car Odor Removal - Chlorine Dioxide Cup - Extreme Odor Eliminator For Car - Safe And Easy To Use (3 Oz (Pack of 1) - Plastic)</p><p>$24.95 ($8.32 / Ounce)</p><a href="https://www.amazon.com/dp/B0C7WLPQC7?tag=eloabder-20&linkCode=osi&th=1&psc=1">View Product</a></div>

<div class="product"><a href="https://www.amazon.com/dp/B0052XFWCG?tag=eloabder-20&linkCode=osi&th=1&psc=1"><img src="https://m.media-amazon.com/images/I/41qajeJVXLL._SL500_.jpg" alt="Product Image"></a><p>Hot Shot's Secret HSS64Z Original Stiction Eliminator 64 Fluid Ounce Bottle, Green</p><p>$53.45 ($0.84 / Fl Oz)</p><a href="https://www.amazon.com/dp/B0052XFWCG?tag=eloabder-20&linkCode=osi&th=1&psc=1">View Product</a></div><div class="product"><a href="https://www.amazon.com/dp/B009M64CAW?tag=eloabder-20&linkCode=osi&th=1&psc=1"><img src="https://m.media-amazon.com/images/I/417D8X0nkBL._SL500_.jpg" alt="Product Image"></a><p>Lucas Oil 10679 Hot Rod & Classic Car SAE 10W-30 Motor Oil - 5 Quart</p><p>$38.50 ($0.24 / Fl Oz)</p><a href="https://www.amazon.com/dp/B009M64CAW?tag=eloabder-20&linkCode=osi&th=1&psc=1">View Product</a></div><div class="product"><a href="https://www.amazon.com/dp/B01L9ARY9O?tag=eloabder-20&linkCode=osi&th=1&psc=1"><img src="https://m.media-amazon.com/images/I/51yaZAYH75L._SL500_.jpg" alt="Product Image"></a><p>FPPF Chemical Co 00161 16 OZ HOT 4-in-1 Heating Oil Treatment (2 Bottles)</p><p>$26.42</p><a href="https://www.amazon.com/dp/B01L9ARY9O?tag=eloabder-20&linkCode=osi&th=1&psc=1">View Product</a></div><div class="product"><a href="https://www.amazon.com/dp/B009M64CUM?tag=eloabder-20&linkCode=osi&th=1&psc=1"><img src="https://m.media-amazon.com/images/I/41yiWaF8YQL._SL500_.jpg" alt="Product Image"></a><p>Lucas Oil 10683 Hot Rod & Classic Car SAE 10W-40 Motor Oil - 5 Quart</p><p>$43.24 ($0.27 / Fl Oz)</p><a href="https://www.amazon.com/dp/B009M64CUM?tag=eloabder-20&linkCode=osi&th=1&psc=1">View Product</a></div><div class="product"><a href="https://www.amazon.com/dp/B0973HNRH9?tag=eloabder-20&linkCode=osi&th=1&psc=1"><img src="https://m.media-amazon.com/images/I/41kyGGJa--L._SL500_.jpg" alt="Product Image"></a><p>Hot Shot's Secret FR3 Friction Reducer 64 Fluid Ounce 2 Quarts, Light Yellow Liquid, (HSSFR364Z)</p><p>$59.73 ($0.93 / Fl Oz)</p><a href="https://www.amazon.com/dp/B0973HNRH9?tag=eloabder-20&linkCode=osi&th=1&psc=1">View Product</a></div><div class="product"><a href="https://www.amazon.com/dp/B082YFQQ25?tag=eloabder-20&linkCode=osi&th=1&psc=1"><img src="https://m.media-amazon.com/images/I/511PTX7LlZL._SL500_.jpg" alt="Product Image"></a><p>Hot Shot's Secret Green Diamond 100 Percent Synthetic 15W40 Oil Diesel 1 Gallon</p><p>$39.99 ($0.31 / Fl Oz)</p><a href="https://www.amazon.com/dp/B082YFQQ25?tag=eloabder-20&linkCode=osi&th=1&psc=1">View Product</a></div>















<div class="product"><a href="https://www.amazon.com/dp/B08PTMXCJL?tag=eloabder-20&linkCode=osi&th=1&psc=1"><img src="https://m.media-amazon.com/images/I/410eJv-7UHL._SL500_.jpg" alt="Product Image"></a><p>Moly Grease | 3% Molybdenum Disulfide | Fifth Wheel | 5th | Automotive | Tractor | Axle | Spline | CV Joint | Lithium EP Grease | High Temp | 35 LB Pail Bucket | Black Moly | NLGI 2 | HeavyDuty Moly</p><p>$174.99 ($0.31 / Ounce)</p><a href="https://www.amazon.com/dp/B08PTMXCJL?tag=eloabder-20&linkCode=osi&th=1&psc=1">View Product</a></div><div class="product"><a href="https://www.amazon.com/dp/B08PTHJTK5?tag=eloabder-20&linkCode=osi&th=1&psc=1"><img src="https://m.media-amazon.com/images/I/41VdMjJ38aL._SL500_.jpg" alt="Product Image"></a><p>Wheel Bearing Grease Pail | Lithium Complex | High Temp EP | CV Joint | Axle | Automotive | Tractor | Truck | Ball Joint | Marine Boat | Gear | Heavy Duty | Blue | 35 LB Bucket | NLGI 2 | MultiPurpose</p><p>$167.99 ($0.30 / Ounce)</p><a href="https://www.amazon.com/dp/B08PTHJTK5?tag=eloabder-20&linkCode=osi&th=1&psc=1">View Product</a></div><div class="product"><a href="https://www.amazon.com/dp/B0013J1UA6?tag=eloabder-20&linkCode=osi&th=1&psc=1"><img src="https://m.media-amazon.com/images/I/41G0Fkf7KnL._SL500_.jpg" alt="Product Image"></a><p>CRC Food Grade Chain Lube 03055 – 12 Wt. Oz. Aerosol, NSF H1 Gear, Chain, and Wire Lubricant</p><p>$19.25 ($1.60 / Ounce)</p><a href="https://www.amazon.com/dp/B0013J1UA6?tag=eloabder-20&linkCode=osi&th=1&psc=1">View Product</a></div>





<div class="product"><a href="https://www.amazon.com/dp/B08GQ9G2V5?tag=eloabder-20&linkCode=osi&th=1&psc=1"><img src="https://m.media-amazon.com/images/I/511+rapOlWL._SL500_.jpg" alt="Product Image"></a><p>Armor All Car Air Freshener and Purifier, Car Odor Eliminator, 1.5 Ounce (Pack of 3)</p><p>$21.21 ($4.71 / Ounce)</p><a href="https://www.amazon.com/dp/B08GQ9G2V5?tag=eloabder-20&linkCode=osi&th=1&psc=1">View Product</a></div>







<div class="product"><a href="https://www.amazon.com/dp/B001229JCU?tag=eloabder-20&linkCode=osi&th=1&psc=1"><img src="https://m.media-amazon.com/images/I/31W6FuKPMcL._SL500_.jpg" alt="Product Image"></a><p>First Alert EZ Fire Spray, Extinguishing Aerosol Spray, AF400 Red 18 Ounce (Pack of 1)</p><p>$12.49</p><a href="https://www.amazon.com/dp/B001229JCU?tag=eloabder-20&linkCode=osi&th=1&psc=1">View Product</a></div><div class="product"><a href="https://www.amazon.com/dp/B002U0KGDY?tag=eloabder-20&linkCode=osi&th=1&psc=1"><img src="https://m.media-amazon.com/images/I/51p6R+mcRhL._SL500_.jpg" alt="Product Image"></a><p>First Alert EZ Fire Spray, Extinguishing Aerosol Spray, Pack of 2, AF400-2, RED</p><p>$27.02</p><a href="https://www.amazon.com/dp/B002U0KGDY?tag=eloabder-20&linkCode=osi&th=1&psc=1">View Product</a></div>
<div class="product"><a href="https://www.amazon.com/dp/B0088LVBUQ?tag=eloabder-20&linkCode=osi&th=1&psc=1"><img src="https://m.media-amazon.com/images/I/31h7l-l6u2L._SL500_.jpg" alt="Product Image"></a><p>Seymour EN-59 Hi-Tech Engine Spray Paint, General Motors Red</p><p>$9.08 ($0.76 / Ounce)</p><a href="https://www.amazon.com/dp/B0088LVBUQ?tag=eloabder-20&linkCode=osi&th=1&psc=1">View Product</a></div>




<div class="product"><a href="https://www.amazon.com/dp/B000HBNU9K?tag=eloabder-20&linkCode=osi&th=1&psc=1"><img src="https://m.media-amazon.com/images/I/41URzfKaVsL._SL500_.jpg" alt="Product Image"></a><p>Permatex 27828 Body Shop Heavy Duty Headliner Adhesive, High-Strength Spray Adhesive, Repair Detached Or Loose Interior Parts, Dries Clear, Aerosol Can, 16.75 Oz</p><p>$17.05 ($1.02 / Ounce)</p><a href="https://www.amazon.com/dp/B000HBNU9K?tag=eloabder-20&linkCode=osi&th=1&psc=1">View Product</a></div><div class="product"><a href="https://www.amazon.com/dp/B001VXXEXU?tag=eloabder-20&linkCode=osi&th=1&psc=1"><img src="https://m.media-amazon.com/images/I/5112onMwzaL._SL500_.jpg" alt="Product Image"></a><p>Vibra-TITE 213 Red VC-3 Original Threadmate, 250ml Can</p><p>$99.19</p><a href="https://www.amazon.com/dp/B001VXXEXU?tag=eloabder-20&linkCode=osi&th=1&psc=1">View Product</a></div><div class="product"><a href="https://www.amazon.com/dp/B0CWPSLTR1?tag=eloabder-20&linkCode=osi&th=1&psc=1"><img src="https://m.media-amazon.com/images/I/31ytleZjjaL._SL500_.jpg" alt="Product Image"></a><p>P & S PROFESSIONAL DETAIL PRODUCTS - Terminator Enzyme Spot and Stain Remover - Perfect for Deodorizing, Removing Embedded Soils, Grease, Dirt, and Protein-Based Stains; Fresh Scent (1 Quart)</p><p>$25.95 ($0.81 / Fl Oz)</p><a href="https://www.amazon.com/dp/B0CWPSLTR1?tag=eloabder-20&linkCode=osi&th=1&psc=1">View Product</a></div><div class="product"><a href="https://www.amazon.com/dp/B07GFNQL9H?tag=eloabder-20&linkCode=osi&th=1&psc=1"><img src="https://m.media-amazon.com/images/I/41AA3Nbt8OL._SL500_.jpg" alt="Product Image"></a><p>Gunk FEB1 Foamy Engine Brite Engine Cleaner - 17oz. 2 Pack</p><p>$17.95 ($0.53 / Ounce)</p><a href="https://www.amazon.com/dp/B07GFNQL9H?tag=eloabder-20&linkCode=osi&th=1&psc=1">View Product</a></div>



<div class="product"><a href="https://www.amazon.com/dp/B003SKCARK?tag=eloabder-20&linkCode=osi&th=1&psc=1"><img src="https://m.media-amazon.com/images/I/41rvU5irgRL._SL500_.jpg" alt="Product Image"></a><p>Obenauf's Heavy Duty LP Leather Preservative (4oz)- All Natural Beeswax Oil Conditioner- Rejuvenate Restore & Preserve Sunfaded or Cracked Boots Jackets Saddles Car Auto Upholstery Furniture- USA Made</p><p>$15.99</p><a href="https://www.amazon.com/dp/B003SKCARK?tag=eloabder-20&linkCode=osi&th=1&psc=1">View Product</a></div>
Aucun résultat trouvé.

<div class="product"><a href="https://www.amazon.com/dp/B0CLWDDWHX?tag=eloabder-20&linkCode=osi&th=1&psc=1"><img src="https://m.media-amazon.com/images/I/51HPMtia03L._SL500_.jpg" alt="Product Image"></a><p>Fire Fix Fire Extinguisher for Home 5-Pack | Made in USA | Emergency Fire Spray Foam for Apartment, Boat, Camping, Car, House, Kitchen & Vehicle | Safety & Survival | Compact, Small, Safe & Easy Use</p><p>$56.95</p><a href="https://www.amazon.com/dp/B0CLWDDWHX?tag=eloabder-20&linkCode=osi&th=1&psc=1">View Product</a></div><div class="product"><a href="https://www.amazon.com/dp/B0CKZF9H3D?tag=eloabder-20&linkCode=osi&th=1&psc=1"><img src="https://m.media-amazon.com/images/I/41+Q4YdByuL._SL500_.jpg" alt="Product Image"></a><p>Firexo All Fires Fire Extinguisher - Multipurpose Mini Aerosol - Pack of 6 - Home, Kitchen, Car, Garage, Boat, Caravan, Camping Household, ABC, Vehicle, Compact, RV, Emergency Equipment (0.1 Gal)</p><p>$139.99</p><a href="https://www.amazon.com/dp/B0CKZF9H3D?tag=eloabder-20&linkCode=osi&th=1&psc=1">View Product</a></div>
Aucun résultat trouvé.
Aucun résultat trouvé.






<div class="product"><a href="https://www.amazon.com/dp/B00FOKOKMU?tag=eloabder-20&linkCode=osi&th=1&psc=1"><img src="https://m.media-amazon.com/images/I/41KsUW-6WOL._SL500_.jpg" alt="Product Image"></a><p>The Original Leather Recoloring Balm by Furniture Clinic - 16 Colors - Leather Repair Kit for Furniture - Restore Couches, Car Seats & More - Leather Dye for Scratched and Faded Leather (Beige)</p><p>$29.95</p><a href="https://www.amazon.com/dp/B00FOKOKMU?tag=eloabder-20&linkCode=osi&th=1&psc=1">View Product</a></div>


<div class="product"><a href="https://www.amazon.com/dp/B0BQX6CPLS?tag=eloabder-20&linkCode=osi&th=1&psc=1"><img src="https://m.media-amazon.com/images/I/51OtuHOIJpL._SL500_.jpg" alt="Product Image"></a><p>Dry Stop Fire Spray by Prepared Hero - 8 Pack - Portable Fire Extinguisher for Home, Car, Garage, Kitchen - Works on Electrical, Grease, Battery Fires & More - Compact, Easy to Use</p><p>$143.99</p><a href="https://www.amazon.com/dp/B0BQX6CPLS?tag=eloabder-20&linkCode=osi&th=1&psc=1">View Product</a></div><div class="product"><a href="https://www.amazon.com/dp/B0BQX76B9K?tag=eloabder-20&linkCode=osi&th=1&psc=1"><img src="https://m.media-amazon.com/images/I/51iHCSuHw5L._SL500_.jpg" alt="Product Image"></a><p>Vapor Clean Fire Spray by Prepared Hero - 8 Pack - Portable Fire Extinguisher for Home, Car, Garage, Kitchen - Works on Electrical, Grease, Battery Fires & More - Compact, Easy to Use</p><p>$143.99</p><a href="https://www.amazon.com/dp/B0BQX76B9K?tag=eloabder-20&linkCode=osi&th=1&psc=1">View Product</a></div><div class="product"><a href="https://www.amazon.com/dp/B0C32NVZJZ?tag=eloabder-20&linkCode=osi&th=1&psc=1"><img src="https://m.media-amazon.com/images/I/61coxTM3mSL._SL500_.jpg" alt="Product Image"></a><p>Houandg Water-Based Fire Extinguisher- 2 Pack Portable Solution for All Fire Types in Homes, Vehicles, Kitchens - Prevents Re-Ignition</p><p>$33.98</p><a href="https://www.amazon.com/dp/B0C32NVZJZ?tag=eloabder-20&linkCode=osi&th=1&psc=1">View Product</a></div>
<div class="product"><a href="https://www.amazon.com/dp/B00L3W1OAO?tag=eloabder-20&linkCode=osi&th=1&psc=1"><img src="https://m.media-amazon.com/images/I/414uILMLuaL._SL500_.jpg" alt="Product Image"></a><p>Pro F/X Rubber Mask Grease Wheel - 1 Ounce - Trauma</p><p>$27.01</p><a href="https://www.amazon.com/dp/B00L3W1OAO?tag=eloabder-20&linkCode=osi&th=1&psc=1">View Product</a></div>
<div class="product"><a href="https://www.amazon.com/dp/B0CZ16SHCH?tag=eloabder-20&linkCode=osi&th=1&psc=1"><img src="https://m.media-amazon.com/images/I/31pYxaz4gYL._SL500_.jpg" alt="Product Image"></a><p>P & S PROFESSIONAL DETAIL PRODUCTS - Rehab - Paint Correction Creme Safe for All Paint Types and with Multiple pad Types - Easy-to-use-Formula Works at Any Stage of Paint Correction - 1 Quart</p><p>$56.95</p><a href="https://www.amazon.com/dp/B0CZ16SHCH?tag=eloabder-20&linkCode=osi&th=1&psc=1">View Product</a></div><div class="product"><a href="https://www.amazon.com/dp/B082BG8HLX?tag=eloabder-20&linkCode=osi&th=1&psc=1"><img src="https://m.media-amazon.com/images/I/31OAXbv7QFL._SL500_.jpg" alt="Product Image"></a><p>Lithium Auto Elixirs Color Crush- A rather intense approach to an Instant Detailer, Infused with color enhancing technology - Extremely Hydrophobic ingredients, long lasting Instant Detailer</p><p>$19.95 ($1.25 / Fl Oz)</p><a href="https://www.amazon.com/dp/B082BG8HLX?tag=eloabder-20&linkCode=osi&th=1&psc=1">View Product</a></div><div class="product"><a href="https://www.amazon.com/dp/B07MTPWZ76?tag=eloabder-20&linkCode=osi&th=1&psc=1"><img src="https://m.media-amazon.com/images/I/41v5yubrqoL._SL500_.jpg" alt="Product Image"></a><p>Lithium Seal and Squeal Paint Sealant/Polish - Incredible Shine and Lasting Protection - Curable Amino Functional Polymers Fused with Si02 Ceramic Nano Technology -Lasts for up to 12 Months (16 oz)</p><p>$39.99 ($2.50 / Ounce)</p><a href="https://www.amazon.com/dp/B07MTPWZ76?tag=eloabder-20&linkCode=osi&th=1&psc=1">View Product</a></div><div class="product"><a href="https://www.amazon.com/dp/B07MVNX377?tag=eloabder-20&linkCode=osi&th=1&psc=1"><img src="https://m.media-amazon.com/images/I/31gEqFf7rhL._SL500_.jpg" alt="Product Image"></a><p>Leather Love - The Best Leather Conditioner On The Planet, Brings Old Leather Back To Life, All Natural Ingredients Mixed With Serious Science, Restores, Rehydrates, Protects (8oz)</p><p>$28.99 ($3.62 / Ounce)</p><a href="https://www.amazon.com/dp/B07MVNX377?tag=eloabder-20&linkCode=osi&th=1&psc=1">View Product</a></div><div class="product"><a href="https://www.amazon.com/dp/B07MTQP514?tag=eloabder-20&linkCode=osi&th=1&psc=1"><img src="https://m.media-amazon.com/images/I/311IYwH-oaL._SL500_.jpg" alt="Product Image"></a><p>Trim Serum- Plastic Restorer- Restores Even the Most Damaged Plastic, Rubber and Vinyl, Last For Months, Penetrates Plastic Pores Restoring Color. (16 Oz)</p><p>$36.99</p><a href="https://www.amazon.com/dp/B07MTQP514?tag=eloabder-20&linkCode=osi&th=1&psc=1">View Product</a></div><div class="product"><a href="https://www.amazon.com/dp/B07236X7TS?tag=eloabder-20&linkCode=osi&th=1&psc=1"><img src="https://m.media-amazon.com/images/I/51-mgxYD9kL._SL500_.jpg" alt="Product Image"></a><p>Skidmore's Biker Edition Leather Cream | All Natural Formula Cleans, Conditions, and Protects your Motorcycle | Made in USA</p><p>$44.98</p><a href="https://www.amazon.com/dp/B07236X7TS?tag=eloabder-20&linkCode=osi&th=1&psc=1">View Product</a></div><div class="product"><a href="https://www.amazon.com/dp/B001CS6HH4?tag=eloabder-20&linkCode=osi&th=1&psc=1"><img src="https://m.media-amazon.com/images/I/41wY0SB+DWL._SL500_.jpg" alt="Product Image"></a><p>Fiebing's Yellow Saddle Soap for Leather (3.5 oz Tin) - Leather Cleaner & Conditioner to Soften, Protect & Restore Leathercraft - Leather Soap for Car Seat, Couch, Shoe, Purse, Boot, Bag, & Saddles</p><p>$7.15 ($2.04 / Ounce)</p><a href="https://www.amazon.com/dp/B001CS6HH4?tag=eloabder-20&linkCode=osi&th=1&psc=1">View Product</a></div><div class="product"><a href="https://www.amazon.com/dp/B08RHZ1BKD?tag=eloabder-20&linkCode=osi&th=1&psc=1"><img src="https://m.media-amazon.com/images/I/21WKh31c4tL._SL500_.jpg" alt="Product Image"></a><p>Lithium Ignite After Wash - Conditions and Shines Surfaces as You Dry. Streak-Free Hydrophobic Formula adds Lubrication to Stop Micro Scratching While Surfaces pop with Color.</p><p>$21.99 ($1.37 / Fl Oz)</p><a href="https://www.amazon.com/dp/B08RHZ1BKD?tag=eloabder-20&linkCode=osi&th=1&psc=1">View Product</a></div><div class="product"><a href="https://www.amazon.com/dp/B0003A1T3E?tag=eloabder-20&linkCode=osi&th=1&psc=1"><img src="https://m.media-amazon.com/images/I/41042PKJ1ZL._SL500_.jpg" alt="Product Image"></a><p>URAD One step All-In-One Leather conditioner 140g - NEUTRAL</p><p>$16.13</p><a href="https://www.amazon.com/dp/B0003A1T3E?tag=eloabder-20&linkCode=osi&th=1&psc=1">View Product</a></div>

<div class="product"><a href="https://www.amazon.com/dp/B0B3NFH3QY?tag=eloabder-20&linkCode=osi&th=1&psc=1"><img src="https://m.media-amazon.com/images/I/51sKVZnP-WL._SL500_.jpg" alt="Product Image"></a><p>Little Joe 96427-6PK I Love Hockey New Car Scent Red Car Air Freshener A/C Vent Clip Uses Alcohol-Free Fragrance Oil is Non-Hazardous and Non-Toxic Plastic, Pack of 6</p><p>$21.99 ($3.66 / Count)</p><a href="https://www.amazon.com/dp/B0B3NFH3QY?tag=eloabder-20&linkCode=osi&th=1&psc=1">View Product</a></div><div class="product"><a href="https://www.amazon.com/dp/B072275K82?tag=eloabder-20&linkCode=osi&th=1&psc=1"><img src="https://m.media-amazon.com/images/I/41wDnF6SiAL._SL500_.jpg" alt="Product Image"></a><p>Little Joe 96404-6PK Fruit Scent, Car Air Freshener, Clips to A/C Air Vent, Alcohol-Free Fragrance Oil, Non-Hazardous and Non-Toxic Plastic, Set of 6</p><p>$16.60 ($2.77 / Count)</p><a href="https://www.amazon.com/dp/B072275K82?tag=eloabder-20&linkCode=osi&th=1&psc=1">View Product</a></div><div class="product"><a href="https://www.amazon.com/dp/B0CQPQ2S4W?tag=eloabder-20&linkCode=osi&th=1&psc=1"><img src="https://m.media-amazon.com/images/I/31iRknmvjeL._SL500_.jpg" alt="Product Image"></a><p>Little Pup 96613 Blue Raspberry Slushy Scent Car Air Freshener A/C Vent Clip Uses Alcohol-Free Fragrance Oil is Non Hazardous and Non Toxic, Pack of 1</p><p>$3.94</p><a href="https://www.amazon.com/dp/B0CQPQ2S4W?tag=eloabder-20&linkCode=osi&th=1&psc=1">View Product</a></div><div class="product"><a href="https://www.amazon.com/dp/B0CQPNMTM4?tag=eloabder-20&linkCode=osi&th=1&psc=1"><img src="https://m.media-amazon.com/images/I/41eEovL+zML._SL500_.jpg" alt="Product Image"></a><p>Little Joe 96414-6PK Orange Creamsicle Scent Car Air Freshener A/C Vent Clip Uses Alcohol-Free Fragrance Oil is Non-Hazardous and Non-Toxic Plastic, Pack of 6</p><p>$25.99 ($4.33 / Count)</p><a href="https://www.amazon.com/dp/B0CQPNMTM4?tag=eloabder-20&linkCode=osi&th=1&psc=1">View Product</a></div><div class="product"><a href="https://www.amazon.com/dp/B0CH9KNNZN?tag=eloabder-20&linkCode=osi&th=1&psc=1"><img src="https://m.media-amazon.com/images/I/41jX66PGMTL._SL500_.jpg" alt="Product Image"></a><p>TAKAVU Clay Bars Auto Detailing 2 Pack X 100g, Premium Grade Material, Magic Clay Bar Cleaner for Cars, RV, Boat and Bus (Grey)</p><p>$9.99</p><a href="https://www.amazon.com/dp/B0CH9KNNZN?tag=eloabder-20&linkCode=osi&th=1&psc=1">View Product</a></div>

<div class="product"><a href="https://www.amazon.com/dp/B004UM6DLE?tag=eloabder-20&linkCode=osi&th=1&psc=1"><img src="https://m.media-amazon.com/images/I/314nawyx6sL._SL500_.jpg" alt="Product Image"></a><p>CARPRO IronX Iron Remover: Stops Rust Spots and Pre-Mature Failure of The Clear Coat, Iron Contaminant Removal - 500mL with Sprayer (17oz)</p><p>$26.78</p><a href="https://www.amazon.com/dp/B004UM6DLE?tag=eloabder-20&linkCode=osi&th=1&psc=1">View Product</a></div><div class="product"><a href="https://www.amazon.com/dp/B01HXZXO98?tag=eloabder-20&linkCode=osi&th=1&psc=1"><img src="https://m.media-amazon.com/images/I/41Ne9OfQGzL._SL500_.jpg" alt="Product Image"></a><p>Chemical Guys CWS80316 Clean Slate Deep Surface Cleaning Car Wash Soap (Removes Old Car Waxes, Glazes & Sealants for Superior Surface Prep), 16 fl oz, Citrus Scent</p><p>$11.99 ($0.75 / Fl Oz)</p><a href="https://www.amazon.com/dp/B01HXZXO98?tag=eloabder-20&linkCode=osi&th=1&psc=1">View Product</a></div><div class="product"><a href="https://www.amazon.com/dp/B07C39H9YX?tag=eloabder-20&linkCode=osi&th=1&psc=1"><img src="https://m.media-amazon.com/images/I/31yK3Vb5xWL._SL500_.jpg" alt="Product Image"></a><p>Adam's Polishes Iron Remover (16oz) - Iron Out Fallout Rust Remover Spray for Car Detailing | Remove Iron Particles in Car Paint, Motorcycle, RV & Boat | Use Before Clay Bar, Car Wax or Car Wash</p><p>$16.99</p><a href="https://www.amazon.com/dp/B07C39H9YX?tag=eloabder-20&linkCode=osi&th=1&psc=1">View Product</a></div><div class="product"><a href="https://www.amazon.com/dp/B0BTJ9DJM5?tag=eloabder-20&linkCode=osi&th=1&psc=1"><img src="https://m.media-amazon.com/images/I/41tNMqlDrxL._SL500_.jpg" alt="Product Image"></a><p>Torque Detail Decon Wash Pack - Decontamination Soap 8oz + Wash Mitt - Surface Strip Wash Car Shampoo - Highly Absorbent Microfiber Chenille Car Wash Mitt Safely Cleans Your Vehicles Entire Surface</p><p>$24.95 ($3.12 / Fl Oz)</p><a href="https://www.amazon.com/dp/B0BTJ9DJM5?tag=eloabder-20&linkCode=osi&th=1&psc=1">View Product</a></div><div class="product"><a href="https://www.amazon.com/dp/B013K5V9PQ?tag=eloabder-20&linkCode=osi&th=1&psc=1"><img src="https://m.media-amazon.com/images/I/41V3rm6NlZL._SL500_.jpg" alt="Product Image"></a><p>CARPRO PolyShave Decon Towel - Car Detailing Clay Decontamination Faster than Clay Bar, Clean & Release of Paint Contaminants and Glass - Increase Wax and Sealant Bond - 12" x 12" (1 Pack)</p><p>$39.97</p><a href="https://www.amazon.com/dp/B013K5V9PQ?tag=eloabder-20&linkCode=osi&th=1&psc=1">View Product</a></div><div class="product"><a href="https://www.amazon.com/dp/B0B788NBWG?tag=eloabder-20&linkCode=osi&th=1&psc=1"><img src="https://m.media-amazon.com/images/I/51NDfAOuEmL._SL500_.jpg" alt="Product Image"></a><p>P & S Professional Detail Products - Clay Decontamination Towel - Effective Cleaning & Release of Paint Contaminants; Increase Wax & Sealant Bond; Enhance Gloss & Depth of Color; Fine Grade-12" x 12"</p><p>$34.95</p><a href="https://www.amazon.com/dp/B0B788NBWG?tag=eloabder-20&linkCode=osi&th=1&psc=1">View Product</a></div><div class="product"><a href="https://www.amazon.com/dp/B0B27TFK69?tag=eloabder-20&linkCode=osi&th=1&psc=1"><img src="https://m.media-amazon.com/images/I/41zJPQIcqeL._SL500_.jpg" alt="Product Image"></a><p>The Rag Company - Ultra Clay Decontamination Mitt - Easy to Use; Effective Cleaning & Release of Paint Contaminants; Increase Wax & Sealant Bond; Enhance Gloss &Color Depth; Fine Grade (8.7"x5.7")</p><p>$34.95</p><a href="https://www.amazon.com/dp/B0B27TFK69?tag=eloabder-20&linkCode=osi&th=1&psc=1">View Product</a></div><div class="product"><a href="https://www.amazon.com/dp/B0C6XBN14N?tag=eloabder-20&linkCode=osi&th=1&psc=1"><img src="https://m.media-amazon.com/images/I/31BSavOJ89L._SL500_.jpg" alt="Product Image"></a><p>3D Iron Remover GLW Series | DIY Car Detailing | Hyper Effective Wheel Decontamination | Removes Iron Particles, Dirt, Brake Dust | Rapid Results | Ultimate Iron & Surface Contaminate Eliminator, 16oz</p><p>$17.99</p><a href="https://www.amazon.com/dp/B0C6XBN14N?tag=eloabder-20&linkCode=osi&th=1&psc=1">View Product</a></div>







<div class="product"><a href="https://www.amazon.com/dp/B0D2SPCW3G?tag=eloabder-20&linkCode=osi&th=1&psc=1"><img src="https://m.media-amazon.com/images/I/41JYIg6xqqL._SL500_.jpg" alt="Product Image"></a><p>Crankcase Ventilation Oil Separator with Gasket Compatible for 2008-2014 Volvo Mack D13 D16 MP8 Engine Replace 21122541 20499419</p><p>$155.99</p><a href="https://www.amazon.com/dp/B0D2SPCW3G?tag=eloabder-20&linkCode=osi&th=1&psc=1">View Product</a></div>

<div class="product"><a href="https://www.amazon.com/dp/B0C6M2FHGX?tag=eloabder-20&linkCode=osi&th=1&psc=1"><img src="https://m.media-amazon.com/images/I/21wWRrpHdbL._SL500_.jpg" alt="Product Image"></a><p>eMagTech 9PCS Warning Sign Please No Smoking Vaping Food Drink Stickers 110x50mm Self-Adhesive Vinyl Window Decal for Car Taxis Buses Minibuses</p><p>$9.49</p><a href="https://www.amazon.com/dp/B0C6M2FHGX?tag=eloabder-20&linkCode=osi&th=1&psc=1">View Product</a></div>

Aucun résultat trouvé.

<div class="product"><a href="https://www.amazon.com/dp/B0CVWZZMRY?tag=eloabder-20&linkCode=osi&th=1&psc=1"><img src="https://m.media-amazon.com/images/I/512y-1GwQNL._SL500_.jpg" alt="Product Image"></a><p>Jewkot 4 PCS Car Wiper Strip, 28" Boneless Structure Car Windshield Cleaning Wiper Strip, DIY Length Auxiliary Cleaning Replacement Accessory, Suitable for Most Cars, Vans, Trucks, Buses (Black)</p><p>$5.58</p><a href="https://www.amazon.com/dp/B0CVWZZMRY?tag=eloabder-20&linkCode=osi&th=1&psc=1">View Product</a></div>
<div class="product"><a href="https://www.amazon.com/dp/B07L3VQC6W?tag=eloabder-20&linkCode=osi&th=1&psc=1"><img src="https://m.media-amazon.com/images/I/41GebP+2HYL._SL500_.jpg" alt="Product Image"></a><p>BRISA VW Collection Volkswagen Air Freshener, Room Freshener, Deodorizer for Cars T1 Bus Campervan Motif (Citrus/Yellow/Set of 2)</p><p>$13.90 ($6.95 / Count)</p><a href="https://www.amazon.com/dp/B07L3VQC6W?tag=eloabder-20&linkCode=osi&th=1&psc=1">View Product</a></div><div class="product"><a href="https://www.amazon.com/dp/B07L3V86JS?tag=eloabder-20&linkCode=osi&th=1&psc=1"><img src="https://m.media-amazon.com/images/I/41TblWhKhQL._SL500_.jpg" alt="Product Image"></a><p>BRISA VW Collection Volkswagen Air Freshener, Room Freshener, Deodorizer for Cars T1 Bus Campervan Motif (New Car/Green/Set of 2)</p><p>$13.90 ($6.95 / Count)</p><a href="https://www.amazon.com/dp/B07L3V86JS?tag=eloabder-20&linkCode=osi&th=1&psc=1">View Product</a></div>


Aucun résultat trouvé.










<div class="product"><a href="https://www.amazon.com/dp/B099HL5SV2?tag=eloabder-20&linkCode=osi&th=1&psc=1"><img src="https://m.media-amazon.com/images/I/31kcR8HnylL._SL500_.jpg" alt="Product Image"></a><p>Philips GoPure GP5212 High Performance HEPA Air Purifier for Car, Removes up to 100 Pollutants, Exhaust Fumes, VOCs, Smoke, Bad Odors, Bacteria and Viruses</p><p>$77.59</p><a href="https://www.amazon.com/dp/B099HL5SV2?tag=eloabder-20&linkCode=osi&th=1&psc=1">View Product</a></div><div class="product"><a href="https://www.amazon.com/dp/B07TB419F7?tag=eloabder-20&linkCode=osi&th=1&psc=1"><img src="https://m.media-amazon.com/images/I/41l9XK-u-eL._SL500_.jpg" alt="Product Image"></a><p>Enoch Ionic Car Air Purifier with Dual USB Car Charger. Car Air Freshener Eliminates Odor, Dust. Removes Smoke, Pet and Food Odor. Ionic Ozone Car Deodorizer (Matt Black)</p><p>$24.50</p><a href="https://www.amazon.com/dp/B07TB419F7?tag=eloabder-20&linkCode=osi&th=1&psc=1">View Product</a></div><div class="product"><a href="https://www.amazon.com/dp/B08C9LKKMM?tag=eloabder-20&linkCode=osi&th=1&psc=1"><img src="https://m.media-amazon.com/images/I/41uJDRzxfrL._SL500_.jpg" alt="Product Image"></a><p>4WDKING Car Air Purifier Ionizer, 12V Plug-in Car Air Freshener Gadgets with Dual USB Charger Removes Cigarette Smoke, Pet and Food Odor, Ionic Ozone (Black)</p><p>$22.99</p><a href="https://www.amazon.com/dp/B08C9LKKMM?tag=eloabder-20&linkCode=osi&th=1&psc=1">View Product</a></div><div class="product"><a href="https://www.amazon.com/dp/B07C7D366L?tag=eloabder-20&linkCode=osi&th=1&psc=1"><img src="https://m.media-amazon.com/images/I/51GvjMcOskL._SL500_.jpg" alt="Product Image"></a><p>Car Air Purifier Ionizer - 12V Plug-in Ionic Anti-Microbial Car Deodorizer with Dual USB Charger - Smoke Smell, Pet and Food Odors, Allergens, Viruses Eliminator for Car (Matte Silver)</p><p>$24.99</p><a href="https://www.amazon.com/dp/B07C7D366L?tag=eloabder-20&linkCode=osi&th=1&psc=1">View Product</a></div><div class="product"><a href="https://www.amazon.com/dp/B086H3FW7T?tag=eloabder-20&linkCode=osi&th=1&psc=1"><img src="https://m.media-amazon.com/images/I/51FfQTz4koL._SL500_.jpg" alt="Product Image"></a><p>bmbu 1000g Large Bamboo Charcoal Air Purifier Bag - Car Deodorizer/Car Freshener - Remove Odor and Control Moisture in Your RV, Camper, SUV, Car, Truck, Closet, Mobile Home, Storage - Non Fragrant</p><p>$22.99 ($0.65 / Ounce)</p><a href="https://www.amazon.com/dp/B086H3FW7T?tag=eloabder-20&linkCode=osi&th=1&psc=1">View Product</a></div><div class="product"><a href="https://www.amazon.com/dp/B019NXUJ5K?tag=eloabder-20&linkCode=osi&th=1&psc=1"><img src="https://m.media-amazon.com/images/I/31grLw6pdUL._SL500_.jpg" alt="Product Image"></a><p>PURGGO Car Air Freshener - Lasts 365+ Days No Chemicals 100% Activated Bamboo Charcoal Fragrance-Free Deodorizer, Natural Auto Odor Eliminator, Purifier, Neutralizer, Absorb Smoke Smell</p><p>$25.99</p><a href="https://www.amazon.com/dp/B019NXUJ5K?tag=eloabder-20&linkCode=osi&th=1&psc=1">View Product</a></div><div class="product"><a href="https://www.amazon.com/dp/B0CT5TBKH5?tag=eloabder-20&linkCode=osi&th=1&psc=1"><img src="https://m.media-amazon.com/images/I/41UB7n6FuwL._SL500_.jpg" alt="Product Image"></a><p>Timgle 1 Pack Car Air Freshener, Lasts 365+ Days, No Chemicals 100% Activated Bamboo Charcoal Fragrance, Free Deodorizer, Natural Auto Odor Eliminator, Purifier, Neutralizer (Khaki Strap)</p><p>$10.99</p><a href="https://www.amazon.com/dp/B0CT5TBKH5?tag=eloabder-20&linkCode=osi&th=1&psc=1">View Product</a></div><div class="product"><a href="https://www.amazon.com/dp/B00V4049K2?tag=eloabder-20&linkCode=osi&th=1&psc=1"><img src="https://m.media-amazon.com/images/I/51rLLMGOc6L._SL500_.jpg" alt="Product Image"></a><p>PURGGO Car Air Freshener - Auto Odor Eliminator - 100% Activated Bamboo Charcoal Air Purifier, Ionizer - Absorb and Remove Smoke Smell - Fragrance-Free Deodorizer - Lasts 365+ Days [Classic Beige]</p><p>$25.99</p><a href="https://www.amazon.com/dp/B00V4049K2?tag=eloabder-20&linkCode=osi&th=1&psc=1">View Product</a></div>








<div class="product"><a href="https://www.amazon.com/dp/B00RYGK12K?tag=eloabder-20&linkCode=osi&th=1&psc=1"><img src="https://m.media-amazon.com/images/I/51RdEyCkvuL._SL500_.jpg" alt="Product Image"></a><p>Little Trees Cardboard Hanging Car, Home & Office Air Freshener, Summer Linen (Pack of 12)</p><p>$11.82 ($0.98 / Count)</p><a href="https://www.amazon.com/dp/B00RYGK12K?tag=eloabder-20&linkCode=osi&th=1&psc=1">View Product</a></div><div class="product"><a href="https://www.amazon.com/dp/B00LM54ZD0?tag=eloabder-20&linkCode=osi&th=1&psc=1"><img src="https://m.media-amazon.com/images/I/41YuRNweefL._SL500_.jpg" alt="Product Image"></a><p>LITTLE TREES Air Fresheners Car Air Freshener. Hanging Tree Provides Long Lasting Scent for Auto or Home. Black Ice, 24 Air Fresheners</p><p>$20.19 ($0.84 / Count)</p><a href="https://www.amazon.com/dp/B00LM54ZD0?tag=eloabder-20&linkCode=osi&th=1&psc=1">View Product</a></div><div class="product"><a href="https://www.amazon.com/dp/B09BB4V1Y8?tag=eloabder-20&linkCode=osi&th=1&psc=1"><img src="https://m.media-amazon.com/images/I/51AKMdDLO-L._SL500_.jpg" alt="Product Image"></a><p>DRIVEJOY Car Air Freshener Vent Clips, 8 PK, 6 Ocean, 2 New Car Scent, Car Fresheners for Men Women, Up to 240 Days, Long Lasting Air Freshener for Car, Odor Eliminator</p><p>$9.98 ($9.60 / Fl Oz)</p><a href="https://www.amazon.com/dp/B09BB4V1Y8?tag=eloabder-20&linkCode=osi&th=1&psc=1">View Product</a></div><div class="product"><a href="https://www.amazon.com/dp/B078JWRLYT?tag=eloabder-20&linkCode=osi&th=1&psc=1"><img src="https://m.media-amazon.com/images/I/41shbIl-LEL._SL500_.jpg" alt="Product Image"></a><p>California Scents Air Freshener 4-Pack Car Air Freshener (Coronado Cherry)</p><p>$12.88 ($2.15 / Ounce)</p><a href="https://www.amazon.com/dp/B078JWRLYT?tag=eloabder-20&linkCode=osi&th=1&psc=1">View Product</a></div><div class="product"><a href="https://www.amazon.com/dp/B0CW4CJWW9?tag=eloabder-20&linkCode=osi&th=1&psc=1"><img src="https://m.media-amazon.com/images/I/417lKQ0MXPL._SL500_.jpg" alt="Product Image"></a><p>Karma, Essential Oil Air Freshener for Cars Set of 2, Home & Office - Colorful Decorative Hanging Air Freshener with Tassel, Buttercup Vanilla Scented</p><p>$8.40 ($4.20 / Count)</p><a href="https://www.amazon.com/dp/B0CW4CJWW9?tag=eloabder-20&linkCode=osi&th=1&psc=1">View Product</a></div><div class="product"><a href="https://www.amazon.com/dp/B00AYCXL2I?tag=eloabder-20&linkCode=osi&th=1&psc=1"><img src="https://m.media-amazon.com/images/I/5165h10nKbL._SL500_.jpg" alt="Product Image"></a><p>Febreze Car Air Fresheners, New Car Scent, Odor Eliminator for Strong Odors Car Vent Clips (2 Count)</p><p>$9.98 ($4.99 / Count)</p><a href="https://www.amazon.com/dp/B00AYCXL2I?tag=eloabder-20&linkCode=osi&th=1&psc=1">View Product</a></div><div class="product"><a href="https://www.amazon.com/dp/B01LZ0N1MJ?tag=eloabder-20&linkCode=osi&th=1&psc=1"><img src="https://m.media-amazon.com/images/I/41J5LJGof9L._SL500_.jpg" alt="Product Image"></a><p>LITTLE TREES Car Air Freshener | Hanging Paper Tree for Home or Car | New Car Scent | 12 Pack</p><p>$11.70 ($0.98 / Count)</p><a href="https://www.amazon.com/dp/B01LZ0N1MJ?tag=eloabder-20&linkCode=osi&th=1&psc=1">View Product</a></div><div class="product"><a href="https://www.amazon.com/dp/B0C2Q2VGPZ?tag=eloabder-20&linkCode=osi&th=1&psc=1"><img src="https://m.media-amazon.com/images/I/413gckSL1EL._SL500_.jpg" alt="Product Image"></a><p>Savage Disposable Card Freshener for Men | Car Scents Air Freshener with Sauvage Fragrance | Strong Car Perfume Air Freshener with Odour Eliminating Technology | Suvage by Perfa</p><p>$6.99</p><a href="https://www.amazon.com/dp/B0C2Q2VGPZ?tag=eloabder-20&linkCode=osi&th=1&psc=1">View Product</a></div>


<div class="product"><a href="https://www.amazon.com/dp/B0D464228M?tag=eloabder-20&linkCode=osi&th=1&psc=1"><img src="https://m.media-amazon.com/images/I/315VtBe9l-L._SL500_.jpg" alt="Product Image"></a><p>Drift Car Air Freshener - Wood Air Freshener - Car Odor Eliminator - Open Air Scent Starter Kit</p><p>$11.95</p><a href="https://www.amazon.com/dp/B0D464228M?tag=eloabder-20&linkCode=osi&th=1&psc=1">View Product</a></div>
<div class="product"><a href="https://www.amazon.com/dp/B071HR14SJ?tag=eloabder-20&linkCode=osi&th=1&psc=1"><img src="https://m.media-amazon.com/images/I/41crypCefDL._SL500_.jpg" alt="Product Image"></a><p>Meguiar's Gold Class Car Wash Soap, Ultra-Rich Car Wash Soap and Conditioner for Car Cleaning, Car Wash Soap to Clean and Condition in One Easy Step, 1 Gallon Car Wash Soap</p><p>$24.99 ($0.20 / Ounce)</p><a href="https://www.amazon.com/dp/B071HR14SJ?tag=eloabder-20&linkCode=osi&th=1&psc=1">View Product</a></div><div class="product"><a href="https://www.amazon.com/dp/B085R9L9Q9?tag=eloabder-20&linkCode=osi&th=1&psc=1"><img src="https://m.media-amazon.com/images/I/41tAv1FNbZL._SL500_.jpg" alt="Product Image"></a><p>Armor All Extreme Shield Protectant Spray , Interior Car Cleaner with UV Protection Against Cracking and Fading, 16 Fl Oz</p><p>$8.98 ($0.56 / Fl Oz)</p><a href="https://www.amazon.com/dp/B085R9L9Q9?tag=eloabder-20&linkCode=osi&th=1&psc=1">View Product</a></div><div class="product"><a href="https://www.amazon.com/dp/B016NA9Y4S?tag=eloabder-20&linkCode=osi&th=1&psc=1"><img src="https://m.media-amazon.com/images/I/31oz8VJFdjL._SL500_.jpg" alt="Product Image"></a><p>Rain-X 5079281-2 Latitude 2-In-1 Wiper Blades, 26 Inch Windshield Wipers (Pack Of 1), Automotive Replacement Windshield Wiper Blades With Patented Rain-X Water Repellency Formula</p><p>$17.08</p><a href="https://www.amazon.com/dp/B016NA9Y4S?tag=eloabder-20&linkCode=osi&th=1&psc=1">View Product</a></div><div class="product"><a href="https://www.amazon.com/dp/B0D2PCCJVK?tag=eloabder-20&linkCode=osi&th=1&psc=1"><img src="https://m.media-amazon.com/images/I/41BFT-c3a9L._SL500_.jpg" alt="Product Image"></a><p>HoogaLife Car Air Freshener Diffuser – Revitalize Your Drive with Hanging Air Freshener Diffuser Aromatic Bliss On The Go(VANILLA CREAM)</p><p>$12.99 ($24.06 / Fl Oz)</p><a href="https://www.amazon.com/dp/B0D2PCCJVK?tag=eloabder-20&linkCode=osi&th=1&psc=1">View Product</a></div><div class="product"><a href="https://www.amazon.com/dp/B0D17SKCLF?tag=eloabder-20&linkCode=osi&th=1&psc=1"><img src="https://m.media-amazon.com/images/I/51VjaK8JNmL._SL500_.jpg" alt="Product Image"></a><p>AIDEA Car Wash Mitt Microfiber, 1PK-Scratch-Free& Lint-Free, Premium Chenille Microfiber Wash Mitt-Green Regular Size (7.12''X10.14'')</p><p>$5.99</p><a href="https://www.amazon.com/dp/B0D17SKCLF?tag=eloabder-20&linkCode=osi&th=1&psc=1">View Product</a></div>








<div class="product"><a href="https://www.amazon.com/dp/B00UZE8D00?tag=eloabder-20&linkCode=osi&th=1&psc=1"><img src="https://m.media-amazon.com/images/I/517VVkgvgcL._SL500_.jpg" alt="Product Image"></a><p>Chemical Guys HOL_996 Convertible Top Cleaner and Protectant Kit, 16 oz, 2 Items</p><p>$29.99</p><a href="https://www.amazon.com/dp/B00UZE8D00?tag=eloabder-20&linkCode=osi&th=1&psc=1">View Product</a></div><div class="product"><a href="https://www.amazon.com/dp/B004HCS4NW?tag=eloabder-20&linkCode=osi&th=1&psc=1"><img src="https://m.media-amazon.com/images/I/41j5b6xRqNL._SL500_.jpg" alt="Product Image"></a><p>Meguiar's Convertible Top Cleaner - Fabric Convertible Top Cleaner and Vinyl Convertible Top Cleaner in One Advanced Formula - Safely Removes Stains, Mildew, Bird Droppings, and More, 16 Oz</p><p>$6.87 ($0.43 / Ounce)</p><a href="https://www.amazon.com/dp/B004HCS4NW?tag=eloabder-20&linkCode=osi&th=1&psc=1">View Product</a></div><div class="product"><a href="https://www.amazon.com/dp/B00UZE80N0?tag=eloabder-20&linkCode=osi&th=1&psc=1"><img src="https://m.media-amazon.com/images/I/31FG83SK9SL._SL500_.jpg" alt="Product Image"></a><p>Chemical Guys SPI_193_16 Convertible Top Protectant and Repellent, (Helps Prevent Fading & Discoloration on Fabric Sot Tops) 16 fl oz (Packaging May Vary)</p><p>$19.99 ($1.25 / Fl Oz)</p><a href="https://www.amazon.com/dp/B00UZE80N0?tag=eloabder-20&linkCode=osi&th=1&psc=1">View Product</a></div><div class="product"><a href="https://www.amazon.com/dp/B00UZE8C1A?tag=eloabder-20&linkCode=osi&th=1&psc=1"><img src="https://m.media-amazon.com/images/I/31aLnXKZxfL._SL500_.jpg" alt="Product Image"></a><p>Chemical Guys ACC_S94 Convertible Top Horse Hair Cleaning Brush, Safe for Cloth Soft Tops, Upholstery, Leather, Furniture, & More</p><p>$14.99</p><a href="https://www.amazon.com/dp/B00UZE8C1A?tag=eloabder-20&linkCode=osi&th=1&psc=1">View Product</a></div><div class="product"><a href="https://www.amazon.com/dp/B000A8JNF0?tag=eloabder-20&linkCode=osi&th=1&psc=1"><img src="https://m.media-amazon.com/images/I/51PLChiVIrL._SL500_.jpg" alt="Product Image"></a><p>303 Products Convertible Fabric Top Cleaning and Care Kit - Cleans And Protects Fabric Tops - Includes Tonneau Cover And Convertible Top Cleaner 16 fl. oz. + Fabric Guard, (30520)</p><p>$32.79 ($1.02 / Fl Oz)</p><a href="https://www.amazon.com/dp/B000A8JNF0?tag=eloabder-20&linkCode=osi&th=1&psc=1">View Product</a></div>
<div class="product"><a href="https://www.amazon.com/dp/B0BCQ1XMWV?tag=eloabder-20&linkCode=osi&th=1&psc=1"><img src="https://m.media-amazon.com/images/I/41lV6Au-S9L._SL500_.jpg" alt="Product Image"></a><p>EMITHSUN® Windshield Wiper Blades Replacement for Honda Civic Coupe 2 Door 2005-2011,That Meet OEM Quality Front Wipers Blade Set for My Car-28"+24"(Set of 2)</p><p>$19.99</p><a href="https://www.amazon.com/dp/B0BCQ1XMWV?tag=eloabder-20&linkCode=osi&th=1&psc=1">View Product</a></div>
<div class="product"><a href="https://www.amazon.com/dp/B00I8ITVZG?tag=eloabder-20&linkCode=osi&th=1&psc=1"><img src="https://m.media-amazon.com/images/I/41TXd564pcL._SL500_.jpg" alt="Product Image"></a><p>ECOGARD XC36067 Premium Cabin Air Filter Fits Hyundai Genesis 2009-2016, Equus 2011-2016 | Genesis G80 2017-2021, G90 2019-2021, GV80 2021 | Kia K900 2020</p><p>$10.98</p><a href="https://www.amazon.com/dp/B00I8ITVZG?tag=eloabder-20&linkCode=osi&th=1&psc=1">View Product</a></div>

<div class="product"><a href="https://www.amazon.com/dp/B097C3NCP1?tag=eloabder-20&linkCode=osi&th=1&psc=1"><img src="https://m.media-amazon.com/images/I/41GXST2+s6L._SL500_.jpg" alt="Product Image"></a><p>Raidbee 12 inch Rear Wiper Blade Replacement for Toyota Corolla Hatchback 2022-2019, Nissan Versa 2019-2014 Back Windshield Wiper (H306/12-B)</p><p>$6.99</p><a href="https://www.amazon.com/dp/B097C3NCP1?tag=eloabder-20&linkCode=osi&th=1&psc=1">View Product</a></div>



<div class="product"><a href="https://www.amazon.com/dp/B0CQ4MLKHJ?tag=eloabder-20&linkCode=osi&th=1&psc=1"><img src="https://m.media-amazon.com/images/I/519f8covwQL._SL500_.jpg" alt="Product Image"></a><p>Feetiger All-in-1 Fire Extinguisher for Home, Kitchen, Car, Garage, RV, Truck, Boat, Camping, Fire Spray that Tackles Multiple Types of Fire, 2pack</p><p>$39.99</p><a href="https://www.amazon.com/dp/B0CQ4MLKHJ?tag=eloabder-20&linkCode=osi&th=1&psc=1">View Product</a></div>
<div class="product"><a href="https://www.amazon.com/dp/B07TS4JV6H?tag=eloabder-20&linkCode=osi&th=1&psc=1"><img src="https://m.media-amazon.com/images/I/412htpDd6fL._SL500_.jpg" alt="Product Image"></a><p>Police Flag Air Freshener, New Car Scent, 6-Pack</p><p>$9.99 ($1.66 / Count)</p><a href="https://www.amazon.com/dp/B07TS4JV6H?tag=eloabder-20&linkCode=osi&th=1&psc=1">View Product</a></div>


<div class="product"><a href="https://www.amazon.com/dp/B009EU5ZNO?tag=eloabder-20&linkCode=osi&th=1&psc=1"><img src="https://m.media-amazon.com/images/I/515MJLZbnoL._SL500_.jpg" alt="Product Image"></a><p>J-B Weld 50133 Plastic Bonder Structural Adhesive Syringe - Tan - 25 ml</p><p>$6.98 ($8.21 / Fl Oz)</p><a href="https://www.amazon.com/dp/B009EU5ZNO?tag=eloabder-20&linkCode=osi&th=1&psc=1">View Product</a></div>



<div class="product"><a href="https://www.amazon.com/dp/B09P6YZP72?tag=eloabder-20&linkCode=osi&th=1&psc=1"><img src="https://m.media-amazon.com/images/I/416rlvu+ayL._SL500_.jpg" alt="Product Image"></a><p>AUTOBOO 26"+20" Windshield Wipers with 16" Rear Wiper Blade Replacement for Dodge Grand Caravan 2008-2012 2013 2014 2015 2016 2017 2018 2019 -Original Factory Quality (Pack of 3)</p><p>$23.99</p><a href="https://www.amazon.com/dp/B09P6YZP72?tag=eloabder-20&linkCode=osi&th=1&psc=1">View Product</a></div><div class="product"><a href="https://www.amazon.com/dp/B0BLYQBDS8?tag=eloabder-20&linkCode=osi&th=1&psc=1"><img src="https://m.media-amazon.com/images/I/51SbpSR2zBL._SL500_.jpg" alt="Product Image"></a><p>A-Premium Engine Air Filter Compatible with Chrysler Town & Country & Dodge Grand Caravan & Ram C/V & Volkswagen Routan, 2011-2020, Flexible Panel, Replace# 4861737AA</p><p>$12.99</p><a href="https://www.amazon.com/dp/B0BLYQBDS8?tag=eloabder-20&linkCode=osi&th=1&psc=1">View Product</a></div>
<div class="product"><a href="https://www.amazon.com/dp/B001FCB4JS?tag=eloabder-20&linkCode=osi&th=1&psc=1"><img src="https://m.media-amazon.com/images/I/21wq6fxqiVL._SL500_.jpg" alt="Product Image"></a><p>Dicor BT-1834-1 Butyl Seal Tape - 1/8" x 3/4" x 30' Repair Tape for RV, Trailer, Motorhome, Window, and Vent Sealing</p><p>$13.15 ($0.44 / Foot)</p><a href="https://www.amazon.com/dp/B001FCB4JS?tag=eloabder-20&linkCode=osi&th=1&psc=1">View Product</a></div>
<div class="product"><a href="https://www.amazon.com/dp/B000BUQOD6?tag=eloabder-20&linkCode=osi&th=1&psc=1"><img src="https://m.media-amazon.com/images/I/41O0CoP1L3L._SL500_.jpg" alt="Product Image"></a><p>Camco Camper/RV Toilet Paper | Sewer-Safe, Septic-Safe & Biodegradable | Designed for Camper, Trailer & Marine Sanitation Systems | 1-Ply Tissue | 4 Toilet Paper Rolls – 280 Sheets per Roll (40275)</p><p>$5.99 ($2.14 / 100 Sheets)</p><a href="https://www.amazon.com/dp/B000BUQOD6?tag=eloabder-20&linkCode=osi&th=1&psc=1">View Product</a></div><div class="product"><a href="https://www.amazon.com/dp/B007JG1W1E?tag=eloabder-20&linkCode=osi&th=1&psc=1"><img src="https://m.media-amazon.com/images/I/41i-j99E9ML._SL500_.jpg" alt="Product Image"></a><p>Camco TST Camper / RV Grey Water Odor Control - Removes Grease Buildup in Gray Water Tank, Sink & Shower Drains - 4oz Treats 40-Gal Holding Tank - Safe Septic Tank Treatment - Lemon, 64 oz (40256)</p><p>$19.94 ($0.31 / Fl Oz)</p><a href="https://www.amazon.com/dp/B007JG1W1E?tag=eloabder-20&linkCode=osi&th=1&psc=1">View Product</a></div><div class="product"><a href="https://www.amazon.com/dp/B016V2OSD0?tag=eloabder-20&linkCode=osi&th=1&psc=1"><img src="https://m.media-amazon.com/images/I/31Jm99RYVXL._SL500_.jpg" alt="Product Image"></a><p>Camco TST MAX RV Toilet Treatment Drop-INs | Control Unwanted Odors and Break Down Waste and Tissue | Septic Tank Safe | Lavender Scent | 15-pack (41559)</p><p>$11.97 ($0.80 / Count)</p><a href="https://www.amazon.com/dp/B016V2OSD0?tag=eloabder-20&linkCode=osi&th=1&psc=1">View Product</a></div>






<div class="product"><a href="https://www.amazon.com/dp/B006GJYOL0?tag=eloabder-20&linkCode=osi&th=1&psc=1"><img src="https://m.media-amazon.com/images/I/41YPjiCzDfL._SL500_.jpg" alt="Product Image"></a><p>Boat Bling HS-0128 Hot Sauce Hard Water Spot Remover, Gallon Refill, for Boats, RVs, Powersport Vehicles and More, Black,1 Gallon</p><p>$54.95 ($0.43 / Fl Oz)</p><a href="https://www.amazon.com/dp/B006GJYOL0?tag=eloabder-20&linkCode=osi&th=1&psc=1">View Product</a></div><div class="product"><a href="https://www.amazon.com/dp/B0000AXVCB?tag=eloabder-20&linkCode=osi&th=1&psc=1"><img src="https://m.media-amazon.com/images/I/51gtsDb7zDL._SL500_.jpg" alt="Product Image"></a><p>Meguiar's M4364 Marine/RV Boat Wash - 64 Oz Container</p><p>$13.99 ($0.22 / Fl Oz)</p><a href="https://www.amazon.com/dp/B0000AXVCB?tag=eloabder-20&linkCode=osi&th=1&psc=1">View Product</a></div><div class="product"><a href="https://www.amazon.com/dp/B0007TR47G?tag=eloabder-20&linkCode=osi&th=1&psc=1"><img src="https://m.media-amazon.com/images/I/41Q4SzlVojL._SL500_.jpg" alt="Product Image"></a><p>Meguiar's Flagship Premium Marine Wax, Boat Polish and Oxidation Remover - 32 Oz Bottle</p><p>$21.49</p><a href="https://www.amazon.com/dp/B0007TR47G?tag=eloabder-20&linkCode=osi&th=1&psc=1">View Product</a></div><div class="product"><a href="https://www.amazon.com/dp/B006GJYLFY?tag=eloabder-20&linkCode=osi&th=1&psc=1"><img src="https://m.media-amazon.com/images/I/31G78TSjssL._SL500_.jpg" alt="Product Image"></a><p>Boat Bling Condition Sauce Premium Interior Moisturizer w/UV Protection, 32 oz.</p><p>$27.95</p><a href="https://www.amazon.com/dp/B006GJYLFY?tag=eloabder-20&linkCode=osi&th=1&psc=1">View Product</a></div><div class="product"><a href="https://www.amazon.com/dp/B006GJYKWI?tag=eloabder-20&linkCode=osi&th=1&psc=1"><img src="https://m.media-amazon.com/images/I/41AcDanNz-L._SL500_.jpg" alt="Product Image"></a><p>Boat Bling VS-0032 Vinyl Sauce Premium Vinyl and Leather Cleaner, 32 Oz., for Boats, RVs, Powersport Vehicles and More</p><p>$22.95 ($0.72 / Fl Oz)</p><a href="https://www.amazon.com/dp/B006GJYKWI?tag=eloabder-20&linkCode=osi&th=1&psc=1">View Product</a></div>
<div class="product"><a href="https://www.amazon.com/dp/B004OJTEKK?tag=eloabder-20&linkCode=osi&th=1&psc=1"><img src="https://m.media-amazon.com/images/I/41q8kkNiKOL._SL500_.jpg" alt="Product Image"></a><p>Shurhold Yacht Brite YBP-0302 Brite Wash - 1 Gallon</p><p>$23.97 ($0.19 / Fl Oz)</p><a href="https://www.amazon.com/dp/B004OJTEKK?tag=eloabder-20&linkCode=osi&th=1&psc=1">View Product</a></div>




<div class="product"><a href="https://www.amazon.com/dp/B0B2RDZNZB?tag=eloabder-20&linkCode=osi&th=1&psc=1"><img src="https://m.media-amazon.com/images/I/51RVSUoRuGL._SL500_.jpg" alt="Product Image"></a><p>Fancemot Helicopter Car Air Fresheners Rotating Solar Car Fresheners Airplane Car Perfume (Osmanthus & Vanilla)</p><p>$14.08</p><a href="https://www.amazon.com/dp/B0B2RDZNZB?tag=eloabder-20&linkCode=osi&th=1&psc=1">View Product</a></div><div class="product"><a href="https://www.amazon.com/dp/B0994PG1ZD?tag=eloabder-20&linkCode=osi&th=1&psc=1"><img src="https://m.media-amazon.com/images/I/413er0A8cVS._SL500_.jpg" alt="Product Image"></a><p>NICEADA Car Air Freshener, Helicopter Solar Energy Rotating Aromatherapy Aviation Al Alloy Diffuser, Interior Decoration Accessories Diffuser for Car and Home (Silver)</p><p>$23.99</p><a href="https://www.amazon.com/dp/B0994PG1ZD?tag=eloabder-20&linkCode=osi&th=1&psc=1">View Product</a></div><div class="product"><a href="https://www.amazon.com/dp/B09ZTMZKSJ?tag=eloabder-20&linkCode=osi&th=1&psc=1"><img src="https://m.media-amazon.com/images/I/41rz5PydC9L._SL500_.jpg" alt="Product Image"></a><p>Air Freshener, Gigicloud Car Fragrance Diffuser Solar Rotating Automotive Air Fresheners Ornament Helicopter Shape Solid Aromatherapy Decoration for Car and Home (Black)</p><p>$15.49</p><a href="https://www.amazon.com/dp/B09ZTMZKSJ?tag=eloabder-20&linkCode=osi&th=1&psc=1">View Product</a></div><div class="product"><a href="https://www.amazon.com/dp/B0CWNNPCD3?tag=eloabder-20&linkCode=osi&th=1&psc=1"><img src="https://m.media-amazon.com/images/I/51nznnJJhfL._SL500_.jpg" alt="Product Image"></a><p>Car Air Freshener Diffuser, KaiDengZhe 1PCS Helicopter Solar Energy Rotating Aromatherapy Aviation Al Alloy Diffuser, Car Diffuser for Essential Oils, Relieve Stress and Purifie Odors for Car and Home</p><p>$15.99</p><a href="https://www.amazon.com/dp/B0CWNNPCD3?tag=eloabder-20&linkCode=osi&th=1&psc=1">View Product</a></div><div class="product"><a href="https://www.amazon.com/dp/B0B8T47G65?tag=eloabder-20&linkCode=osi&th=1&psc=1"><img src="https://m.media-amazon.com/images/I/41d6cgVheqL._SL500_.jpg" alt="Product Image"></a><p>Joyfunky Car Air Fresheners with Solar Rotating, Creative Car Perfume Decoration, Relieve Stress and Purifie Odors, Use at Car, office and Home, Silver</p><p>$12.99</p><a href="https://www.amazon.com/dp/B0B8T47G65?tag=eloabder-20&linkCode=osi&th=1&psc=1">View Product</a></div><div class="product"><a href="https://www.amazon.com/dp/B0D4ZHJVK8?tag=eloabder-20&linkCode=osi&th=1&psc=1"><img src="https://m.media-amazon.com/images/I/41sEhsjtb4L._SL500_.jpg" alt="Product Image"></a><p>NICEADA Helicopter Solar Car Air Freshener Refill Set, Solar Essential Oil Refill Perfume Oil for Car Air Fresheners(4 Packs)</p><p>$21.99 ($24.99 / Fl Oz)</p><a href="https://www.amazon.com/dp/B0D4ZHJVK8?tag=eloabder-20&linkCode=osi&th=1&psc=1">View Product</a></div><div class="product"><a href="https://www.amazon.com/dp/B0D251XW47?tag=eloabder-20&linkCode=osi&th=1&psc=1"><img src="https://m.media-amazon.com/images/I/41x6lmNq9fL._SL500_.jpg" alt="Product Image"></a><p>Helicopter Car Air Fresheners with Solar Rotating, Creative Car Perfume Decoration, Car Airplane Fragrance Diffuser for Car, Home, Office (Silver)</p><p>$13.09</p><a href="https://www.amazon.com/dp/B0D251XW47?tag=eloabder-20&linkCode=osi&th=1&psc=1">View Product</a></div>

<div class="product"><a href="https://www.amazon.com/dp/B0D4154TQG?tag=eloabder-20&linkCode=osi&th=1&psc=1"><img src="https://m.media-amazon.com/images/I/217Iw-nO3UL._SL500_.jpg" alt="Product Image"></a><p>RV Curtain Glide Tape A115, 1/2 Inch Glides Clear RV Curtain Strip Curtain Slide Tape 72 Inches Long Use with Ceiling or Wall Mount Curtain Track A201 A202 (2 Pack)</p><p>$17.99</p><a href="https://www.amazon.com/dp/B0D4154TQG?tag=eloabder-20&linkCode=osi&th=1&psc=1">View Product</a></div>
<div class="product"><a href="https://www.amazon.com/dp/B08W4PQN8L?tag=eloabder-20&linkCode=osi&th=1&psc=1"><img src="https://m.media-amazon.com/images/I/41udmrd6QTL._SL500_.jpg" alt="Product Image"></a><p>Hot Air Balloon Novelty Air Freshener for Car - Sandalwood Scented Automotive Accessory New Mexico Souvenir Gift (Pack of 4)</p><p>$7.99 ($2.00 / Count)</p><a href="https://www.amazon.com/dp/B08W4PQN8L?tag=eloabder-20&linkCode=osi&th=1&psc=1">View Product</a></div>















<div class="product"><a href="https://www.amazon.com/dp/B0CP87K2VD?tag=eloabder-20&linkCode=osi&th=1&psc=1"><img src="https://m.media-amazon.com/images/I/41dTH4OPkcL._SL500_.jpg" alt="Product Image"></a><p>For harley air cleaner filter Touring street glide road king electra tri trike Dyna Sportster XL 883 1200 Softail air intake (Drift style -Contrast Cut, C-For Touring 08-16, Softail 16-17)</p><p>$125.00</p><a href="https://www.amazon.com/dp/B0CP87K2VD?tag=eloabder-20&linkCode=osi&th=1&psc=1">View Product</a></div><div class="product"><a href="https://www.amazon.com/dp/B08DNLNY3G?tag=eloabder-20&linkCode=osi&th=1&psc=1"><img src="https://m.media-amazon.com/images/I/51baNj3o8CL._SL500_.jpg" alt="Product Image"></a><p>2963308 HD1508 Ultra Classic Air Filter Cleaner for 2008-2014 Harley Davidson Street Glide, Electra Glide, Road King, Road Glide Custom, Ultra Classic and other select models HD-1508</p><p>$21.99</p><a href="https://www.amazon.com/dp/B08DNLNY3G?tag=eloabder-20&linkCode=osi&th=1&psc=1">View Product</a></div><div class="product"><a href="https://www.amazon.com/dp/B0CQ2KKC3N?tag=eloabder-20&linkCode=osi&th=1&psc=1"><img src="https://m.media-amazon.com/images/I/31W2a0gAwIL._SL500_.jpg" alt="Product Image"></a><p>High-Flo Replacement Air Filter Element For Ventilator - Milwaukee-Eight Engine '18-later Softail and '17-later Touring and Trike Models Equipped with 114 Air Cleaner</p><p>$39.99</p><a href="https://www.amazon.com/dp/B0CQ2KKC3N?tag=eloabder-20&linkCode=osi&th=1&psc=1">View Product</a></div><div class="product"><a href="https://www.amazon.com/dp/B0CPJ5BSGM?tag=eloabder-20&linkCode=osi&th=1&psc=1"><img src="https://m.media-amazon.com/images/I/41cUadnGKpL._SL500_.jpg" alt="Product Image"></a><p>For harley air cleaner filter sportster street road glide king for harley davidson motorcycle air intake (Nake style -Black, A-For Sportster XL models)</p><p>$169.00</p><a href="https://www.amazon.com/dp/B0CPJ5BSGM?tag=eloabder-20&linkCode=osi&th=1&psc=1">View Product</a></div><div class="product"><a href="https://www.amazon.com/dp/B0CR17NS1M?tag=eloabder-20&linkCode=osi&th=1&psc=1"><img src="https://m.media-amazon.com/images/I/41n57oM0A-L._SL500_.jpg" alt="Product Image"></a><p>For harley air cleaner filter Sportster Softail Touring street road king glide Dyna for harley davidson air intake filters (Speed 7 style -gray filter, C-For Touring 08-16, Softail 16-17)</p><p>$89.00</p><a href="https://www.amazon.com/dp/B0CR17NS1M?tag=eloabder-20&linkCode=osi&th=1&psc=1">View Product</a></div><div class="product"><a href="https://www.amazon.com/dp/B0CR167HDN?tag=eloabder-20&linkCode=osi&th=1&psc=1"><img src="https://m.media-amazon.com/images/I/41o4byfzbRL._SL500_.jpg" alt="Product Image"></a><p>For harley davidson air cleaner filter sportster Touring street glide road king electra Dyna Softail motorcycle air intake (Chromed- gray filter, C-For Touring 2008-2016)</p><p>$99.00</p><a href="https://www.amazon.com/dp/B0CR167HDN?tag=eloabder-20&linkCode=osi&th=1&psc=1">View Product</a></div>







<div class="product"><a href="https://www.amazon.com/dp/B08WH8CWDM?tag=eloabder-20&linkCode=osi&th=1&psc=1"><img src="https://m.media-amazon.com/images/I/41Jj3ouB+1L._SL500_.jpg" alt="Product Image"></a><p>Glaze 'N Seal Color Enhancer Paver Sealer, 1 Gallon (923)</p><p>$62.99</p><a href="https://www.amazon.com/dp/B08WH8CWDM?tag=eloabder-20&linkCode=osi&th=1&psc=1">View Product</a></div>

<div class="product"><a href="https://www.amazon.com/dp/B0B58G8WRX?tag=eloabder-20&linkCode=osi&th=1&psc=1"><img src="https://m.media-amazon.com/images/I/41hjxJMTGJL._SL500_.jpg" alt="Product Image"></a><p>Solarhome Air Filter 333-D2696 333D2696 Compatible with JCB Backhoe Loader 3CX 4CX Telehandler 531-70</p><p>$34.50</p><a href="https://www.amazon.com/dp/B0B58G8WRX?tag=eloabder-20&linkCode=osi&th=1&psc=1">View Product</a></div>




<div class="product"><a href="https://www.amazon.com/dp/B07G7XG6BV?tag=eloabder-20&linkCode=osi&th=1&psc=1"><img src="https://m.media-amazon.com/images/I/510tZGutn6L._SL500_.jpg" alt="Product Image"></a><p>Holikme 6Pack Cleaning Brush Power Scrubber Cleaning Brush Extended Long Attachment Set All Purpose Scrub Brushes Kit for Grout, Floor, Tub, Shower, Tile, Bathroom,Car Cleaning Brush，Yellow</p><p>$6.95</p><a href="https://www.amazon.com/dp/B07G7XG6BV?tag=eloabder-20&linkCode=osi&th=1&psc=1">View Product</a></div>



<div class="product"><a href="https://www.amazon.com/dp/B000FW2NWQ?tag=eloabder-20&linkCode=osi&th=1&psc=1"><img src="https://m.media-amazon.com/images/I/31VlBDw7uDL._SL500_.jpg" alt="Product Image"></a><p>Performance Tool W233 12-Inch Long Reach Extension Scraper with 3pc Double Edged Plastic Razor Scraper Blades and 3pc Carbon Steel Razor Scraper Blades</p><p>$10.31</p><a href="https://www.amazon.com/dp/B000FW2NWQ?tag=eloabder-20&linkCode=osi&th=1&psc=1">View Product</a></div>
<div class="product"><a href="https://www.amazon.com/dp/B0BV2CQ5SW?tag=eloabder-20&linkCode=osi&th=1&psc=1"><img src="https://m.media-amazon.com/images/I/51VkTDjGg4L._SL500_.jpg" alt="Product Image"></a><p>Filterelated Mixed Bed Deionized Di Resin Filter Fill, Suitable For Spotless Car Wash System Filter Change, Tds Filter, Aquarium Filter, Deionized Car Wash,5 Liters</p><p>$49.99</p><a href="https://www.amazon.com/dp/B0BV2CQ5SW?tag=eloabder-20&linkCode=osi&th=1&psc=1">View Product</a></div><div class="product"><a href="https://www.amazon.com/dp/B01MRVQ9UE?tag=eloabder-20&linkCode=osi&th=1&psc=1"><img src="https://m.media-amazon.com/images/I/51+i6fjU6tL._SL500_.jpg" alt="Product Image"></a><p>Husqvarna XP Pre-Mixed Fuel and Engine Oil Quart (3 Pack),Blue</p><p>$32.99 ($0.34 / Count)</p><a href="https://www.amazon.com/dp/B01MRVQ9UE?tag=eloabder-20&linkCode=osi&th=1&psc=1">View Product</a></div>




<div class="product"><a href="https://www.amazon.com/dp/B01N2G2NEJ?tag=eloabder-20&linkCode=osi&th=1&psc=1"><img src="https://m.media-amazon.com/images/I/41-5g4zEDpL._SL500_.jpg" alt="Product Image"></a><p>Chemical Guys SPI10816 Heavy Duty Water Spot Remover, Safe for Cars, Trucks, Motorcycles, RVs & More, 16 fl oz</p><p>$17.97 ($1.12 / Fl Oz)</p><a href="https://www.amazon.com/dp/B01N2G2NEJ?tag=eloabder-20&linkCode=osi&th=1&psc=1">View Product</a></div>









<div class="product"><a href="https://www.amazon.com/dp/B08YRVH2QV?tag=eloabder-20&linkCode=osi&th=1&psc=1"><img src="https://m.media-amazon.com/images/I/5164O-Jr2QL._SL500_.jpg" alt="Product Image"></a><p>Thetford AquaMAX Summer Cypress Scent RV Holding Tank Treatment, Formaldehyde Free, Waste Digester, Septic Tank Safe, 5 Gallon Bottle (96754)</p><p>$248.18</p><a href="https://www.amazon.com/dp/B08YRVH2QV?tag=eloabder-20&linkCode=osi&th=1&psc=1">View Product</a></div><div class="product"><a href="https://www.amazon.com/dp/B0BPMW7485?tag=eloabder-20&linkCode=osi&th=1&psc=1"><img src="https://m.media-amazon.com/images/I/51WNuQeew7L._SL500_.jpg" alt="Product Image"></a><p>XFasten Butyl Tape Black 1/2” x 30’ x 1/8" Butyl Sealant Tape Headlight Sealant Putty Tape | Black Butyl Caulking Tape | Butyl Tape RV Putty Tape EPDM Automotive Butyl Rubber Window Sealant for RV</p><p>$13.99 ($0.47 / Foot)</p><a href="https://www.amazon.com/dp/B0BPMW7485?tag=eloabder-20&linkCode=osi&th=1&psc=1">View Product</a></div>
<div class="product"><a href="https://www.amazon.com/dp/B006DXWZQU?tag=eloabder-20&linkCode=osi&th=1&psc=1"><img src="https://m.media-amazon.com/images/I/41wtqfFFfQL._SL500_.jpg" alt="Product Image"></a><p>FRAM Ultra Synthetic Automotive Replacement Oil Filter, Designed for Synthetic Oil Changes Lasting up to 20k Miles, XG10575 with SureGrip (Pack of 1)</p><p>$10.79</p><a href="https://www.amazon.com/dp/B006DXWZQU?tag=eloabder-20&linkCode=osi&th=1&psc=1">View Product</a></div><div class="product"><a href="https://www.amazon.com/dp/B01LH7L0XA?tag=eloabder-20&linkCode=osi&th=1&psc=1"><img src="https://m.media-amazon.com/images/I/41yD3QmbyZL._SL500_.jpg" alt="Product Image"></a><p>Shell Rotella T4 Triple Protection Conventional 15W-40 Diesel Engine Oil (1-Gallon, Single Pack)</p><p>$15.98 ($0.12 / Fl Oz)</p><a href="https://www.amazon.com/dp/B01LH7L0XA?tag=eloabder-20&linkCode=osi&th=1&psc=1">View Product</a></div><div class="product"><a href="https://www.amazon.com/dp/B00ICSWGJ0?tag=eloabder-20&linkCode=osi&th=1&psc=1"><img src="https://m.media-amazon.com/images/I/41Ahz5dVc5L._SL500_.jpg" alt="Product Image"></a><p>Castrol Edge 5W-30 Advanced Full Synthetic Motor Oil, 5 Quarts</p><p>$24.72 ($0.15 / Fl Oz)</p><a href="https://www.amazon.com/dp/B00ICSWGJ0?tag=eloabder-20&linkCode=osi&th=1&psc=1">View Product</a></div><div class="product"><a href="https://www.amazon.com/dp/B01N8RPDT8?tag=eloabder-20&linkCode=osi&th=1&psc=1"><img src="https://m.media-amazon.com/images/I/41Qm+9e8sCL._SL500_.jpg" alt="Product Image"></a><p>Motorcraft - Oil - Engine (XO10W305Q3SD)</p><p>$32.27</p><a href="https://www.amazon.com/dp/B01N8RPDT8?tag=eloabder-20&linkCode=osi&th=1&psc=1">View Product</a></div>
<div class="product"><a href="https://www.amazon.com/dp/B07FTRZLM5?tag=eloabder-20&linkCode=osi&th=1&psc=1"><img src="https://m.media-amazon.com/images/I/416uoNYOsXL._SL500_.jpg" alt="Product Image"></a><p>Chemical Guys HOL126 14-Piece Arsenal Builder Car Wash Kit with Foam Gun, Bucket, and (5) 16 oz Car Care Cleaning Chemicals, Gift for Car & Truck Lovers, Dads and DIYers (Works w/Garden Hose)</p><p>$119.99</p><a href="https://www.amazon.com/dp/B07FTRZLM5?tag=eloabder-20&linkCode=osi&th=1&psc=1">View Product</a></div><div class="product"><a href="https://www.amazon.com/dp/B0741RL23Q?tag=eloabder-20&linkCode=osi&th=1&psc=1"><img src="https://m.media-amazon.com/images/I/410wwKZBYVL._SL500_.jpg" alt="Product Image"></a><p>Chemical Guys SPI220 Total Interior Cleaner and Protectant, Safe for Cars, Trucks, SUVs, Jeeps, Motorcycles, RVs & More, 128 fl oz (1 Gallon)</p><p>$54.99 ($0.43 / Fl Oz)</p><a href="https://www.amazon.com/dp/B0741RL23Q?tag=eloabder-20&linkCode=osi&th=1&psc=1">View Product</a></div><div class="product"><a href="https://www.amazon.com/dp/B002J7VX4Y?tag=eloabder-20&linkCode=osi&th=1&psc=1"><img src="https://m.media-amazon.com/images/I/41oijnffQ0L._SL500_.jpg" alt="Product Image"></a><p>Chemical Guys AIR_101_16 New Car Smell Premium Air Freshener and Odor Eliminator, Long-Lasting Scent, Great for Cars, Trucks, SUVs, RVs & More, 16 fl oz</p><p>$10.99 ($0.69 / Fl Oz)</p><a href="https://www.amazon.com/dp/B002J7VX4Y?tag=eloabder-20&linkCode=osi&th=1&psc=1">View Product</a></div><div class="product"><a href="https://www.amazon.com/dp/B077TPG55M?tag=eloabder-20&linkCode=osi&th=1&psc=1"><img src="https://m.media-amazon.com/images/I/51aYksYRthL._SL500_.jpg" alt="Product Image"></a><p>Chemical Guys CWS20264 Tough Mudder Foaming Truck, Off Road, ATV and RV Heavy Duty Wash Soap,(Works with Foam Cannons, Foam Guns or Bucket Washes), 64 fl oz (Half Gallon), Lemon Scent</p><p>$39.99 ($0.62 / Fl Oz)</p><a href="https://www.amazon.com/dp/B077TPG55M?tag=eloabder-20&linkCode=osi&th=1&psc=1">View Product</a></div><div class="product"><a href="https://www.amazon.com/dp/B00BJCAPEE?tag=eloabder-20&linkCode=osi&th=1&psc=1"><img src="https://m.media-amazon.com/images/I/416RIPKVW1L._SL500_.jpg" alt="Product Image"></a><p>Chemical Guys CWS_402 Mr. Pink Foaming Car Wash Soap (Works with Foam Cannons, Foam Guns or Bucket Washes) Safe for Cars, Trucks, Motorcycles, RVs & More, 128 fl oz, Candy Scent</p><p>$39.99 ($0.31 / Fl Oz)</p><a href="https://www.amazon.com/dp/B00BJCAPEE?tag=eloabder-20&linkCode=osi&th=1&psc=1">View Product</a></div><div class="product"><a href="https://www.amazon.com/dp/B01C6AISUK?tag=eloabder-20&linkCode=osi&th=1&psc=1"><img src="https://m.media-amazon.com/images/I/41FrDCDPB6S._SL500_.jpg" alt="Product Image"></a><p>Chemical Guys CLD_700_16 Mat Renew Rubber + Vinyl Floor Mat Cleaner And Protectant, Safe for Cars, Trucks, SUVs, Motorcycles, RVs & More, 16 fl oz</p><p>$10.99 ($0.69 / Fl Oz)</p><a href="https://www.amazon.com/dp/B01C6AISUK?tag=eloabder-20&linkCode=osi&th=1&psc=1">View Product</a></div><div class="product"><a href="https://www.amazon.com/dp/B01N76S0A7?tag=eloabder-20&linkCode=osi&th=1&psc=1"><img src="https://m.media-amazon.com/images/I/51jurhYPCgL._SL500_.jpg" alt="Product Image"></a><p>Chemical Guys HOL131 Premium Chenille Microfiber Car Wash Mop and Heavy Duty Extendable Pole Kit (Great for RVs, Trucks, SUVs, Jeeps & Large Vehicles), With Mr. Pink Foaming Car Wash Soap - 4 fl oz</p><p>$49.99</p><a href="https://www.amazon.com/dp/B01N76S0A7?tag=eloabder-20&linkCode=osi&th=1&psc=1">View Product</a></div><div class="product"><a href="https://www.amazon.com/dp/B009OTW646?tag=eloabder-20&linkCode=osi&th=1&psc=1"><img src="https://m.media-amazon.com/images/I/41lG36UqLBL._SL500_.jpg" alt="Product Image"></a><p>Chemical Guys CWS 110 Honeydew Snow Foam Car Wash Soap (Works with Foam Cannons, Guns or Bucket Washes) Safe for Trucks, Motorcycles, RVs & More, 128 fl oz (1 Gallon), Honeydew Scent</p><p>$39.99 ($0.31 / Fl Oz)</p><a href="https://www.amazon.com/dp/B009OTW646?tag=eloabder-20&linkCode=osi&th=1&psc=1">View Product</a></div><div class="product"><a href="https://www.amazon.com/dp/B08P54Z2C2?tag=eloabder-20&linkCode=osi&th=1&psc=1"><img src="https://m.media-amazon.com/images/I/41Ra65iS2OL._SL500_.jpg" alt="Product Image"></a><p>Chemical Guys WAC23316 HydroSpeed Ceramic Quick Detailer, Safe for Cars, Trucks, SUVs, Motorcycles, RVs & More, 16 fl oz</p><p>$24.99</p><a href="https://www.amazon.com/dp/B08P54Z2C2?tag=eloabder-20&linkCode=osi&th=1&psc=1">View Product</a></div>
<div class="product"><a href="https://www.amazon.com/dp/B0C7WLPQC7?tag=eloabder-20&linkCode=osi&th=1&psc=1"><img src="https://m.media-amazon.com/images/I/41hJeSxsSWL._SL500_.jpg" alt="Product Image"></a><p>Detail King Car Odor Removal - Chlorine Dioxide Cup - Extreme Odor Eliminator For Car - Safe And Easy To Use (3 Oz (Pack of 1) - Plastic)</p><p>$24.95 ($8.32 / Ounce)</p><a href="https://www.amazon.com/dp/B0C7WLPQC7?tag=eloabder-20&linkCode=osi&th=1&psc=1">View Product</a></div>

<div class="product"><a href="https://www.amazon.com/dp/B0052XFWCG?tag=eloabder-20&linkCode=osi&th=1&psc=1"><img src="https://m.media-amazon.com/images/I/41qajeJVXLL._SL500_.jpg" alt="Product Image"></a><p>Hot Shot's Secret HSS64Z Original Stiction Eliminator 64 Fluid Ounce Bottle, Green</p><p>$53.45 ($0.84 / Fl Oz)</p><a href="https://www.amazon.com/dp/B0052XFWCG?tag=eloabder-20&linkCode=osi&th=1&psc=1">View Product</a></div><div class="product"><a href="https://www.amazon.com/dp/B009M64CAW?tag=eloabder-20&linkCode=osi&th=1&psc=1"><img src="https://m.media-amazon.com/images/I/417D8X0nkBL._SL500_.jpg" alt="Product Image"></a><p>Lucas Oil 10679 Hot Rod & Classic Car SAE 10W-30 Motor Oil - 5 Quart</p><p>$38.50 ($0.24 / Fl Oz)</p><a href="https://www.amazon.com/dp/B009M64CAW?tag=eloabder-20&linkCode=osi&th=1&psc=1">View Product</a></div><div class="product"><a href="https://www.amazon.com/dp/B01L9ARY9O?tag=eloabder-20&linkCode=osi&th=1&psc=1"><img src="https://m.media-amazon.com/images/I/51yaZAYH75L._SL500_.jpg" alt="Product Image"></a><p>FPPF Chemical Co 00161 16 OZ HOT 4-in-1 Heating Oil Treatment (2 Bottles)</p><p>$26.42</p><a href="https://www.amazon.com/dp/B01L9ARY9O?tag=eloabder-20&linkCode=osi&th=1&psc=1">View Product</a></div><div class="product"><a href="https://www.amazon.com/dp/B009M64CUM?tag=eloabder-20&linkCode=osi&th=1&psc=1"><img src="https://m.media-amazon.com/images/I/41yiWaF8YQL._SL500_.jpg" alt="Product Image"></a><p>Lucas Oil 10683 Hot Rod & Classic Car SAE 10W-40 Motor Oil - 5 Quart</p><p>$43.24 ($0.27 / Fl Oz)</p><a href="https://www.amazon.com/dp/B009M64CUM?tag=eloabder-20&linkCode=osi&th=1&psc=1">View Product</a></div><div class="product"><a href="https://www.amazon.com/dp/B0973HNRH9?tag=eloabder-20&linkCode=osi&th=1&psc=1"><img src="https://m.media-amazon.com/images/I/41kyGGJa--L._SL500_.jpg" alt="Product Image"></a><p>Hot Shot's Secret FR3 Friction Reducer 64 Fluid Ounce 2 Quarts, Light Yellow Liquid, (HSSFR364Z)</p><p>$59.73 ($0.93 / Fl Oz)</p><a href="https://www.amazon.com/dp/B0973HNRH9?tag=eloabder-20&linkCode=osi&th=1&psc=1">View Product</a></div><div class="product"><a href="https://www.amazon.com/dp/B082YFQQ25?tag=eloabder-20&linkCode=osi&th=1&psc=1"><img src="https://m.media-amazon.com/images/I/511PTX7LlZL._SL500_.jpg" alt="Product Image"></a><p>Hot Shot's Secret Green Diamond 100 Percent Synthetic 15W40 Oil Diesel 1 Gallon</p><p>$39.99 ($0.31 / Fl Oz)</p><a href="https://www.amazon.com/dp/B082YFQQ25?tag=eloabder-20&linkCode=osi&th=1&psc=1">View Product</a></div>















<div class="product"><a href="https://www.amazon.com/dp/B08PTMXCJL?tag=eloabder-20&linkCode=osi&th=1&psc=1"><img src="https://m.media-amazon.com/images/I/410eJv-7UHL._SL500_.jpg" alt="Product Image"></a><p>Moly Grease | 3% Molybdenum Disulfide | Fifth Wheel | 5th | Automotive | Tractor | Axle | Spline | CV Joint | Lithium EP Grease | High Temp | 35 LB Pail Bucket | Black Moly | NLGI 2 | HeavyDuty Moly</p><p>$174.99 ($0.31 / Ounce)</p><a href="https://www.amazon.com/dp/B08PTMXCJL?tag=eloabder-20&linkCode=osi&th=1&psc=1">View Product</a></div><div class="product"><a href="https://www.amazon.com/dp/B08PTHJTK5?tag=eloabder-20&linkCode=osi&th=1&psc=1"><img src="https://m.media-amazon.com/images/I/41VdMjJ38aL._SL500_.jpg" alt="Product Image"></a><p>Wheel Bearing Grease Pail | Lithium Complex | High Temp EP | CV Joint | Axle | Automotive | Tractor | Truck | Ball Joint | Marine Boat | Gear | Heavy Duty | Blue | 35 LB Bucket | NLGI 2 | MultiPurpose</p><p>$167.99 ($0.30 / Ounce)</p><a href="https://www.amazon.com/dp/B08PTHJTK5?tag=eloabder-20&linkCode=osi&th=1&psc=1">View Product</a></div><div class="product"><a href="https://www.amazon.com/dp/B0013J1UA6?tag=eloabder-20&linkCode=osi&th=1&psc=1"><img src="https://m.media-amazon.com/images/I/41G0Fkf7KnL._SL500_.jpg" alt="Product Image"></a><p>CRC Food Grade Chain Lube 03055 – 12 Wt. Oz. Aerosol, NSF H1 Gear, Chain, and Wire Lubricant</p><p>$19.25 ($1.60 / Ounce)</p><a href="https://www.amazon.com/dp/B0013J1UA6?tag=eloabder-20&linkCode=osi&th=1&psc=1">View Product</a></div>





<div class="product"><a href="https://www.amazon.com/dp/B08GQ9G2V5?tag=eloabder-20&linkCode=osi&th=1&psc=1"><img src="https://m.media-amazon.com/images/I/511+rapOlWL._SL500_.jpg" alt="Product Image"></a><p>Armor All Car Air Freshener and Purifier, Car Odor Eliminator, 1.5 Ounce (Pack of 3)</p><p>$21.21 ($4.71 / Ounce)</p><a href="https://www.amazon.com/dp/B08GQ9G2V5?tag=eloabder-20&linkCode=osi&th=1&psc=1">View Product</a></div>







<div class="product"><a href="https://www.amazon.com/dp/B001229JCU?tag=eloabder-20&linkCode=osi&th=1&psc=1"><img src="https://m.media-amazon.com/images/I/31W6FuKPMcL._SL500_.jpg" alt="Product Image"></a><p>First Alert EZ Fire Spray, Extinguishing Aerosol Spray, AF400 Red 18 Ounce (Pack of 1)</p><p>$12.49</p><a href="https://www.amazon.com/dp/B001229JCU?tag=eloabder-20&linkCode=osi&th=1&psc=1">View Product</a></div><div class="product"><a href="https://www.amazon.com/dp/B002U0KGDY?tag=eloabder-20&linkCode=osi&th=1&psc=1"><img src="https://m.media-amazon.com/images/I/51p6R+mcRhL._SL500_.jpg" alt="Product Image"></a><p>First Alert EZ Fire Spray, Extinguishing Aerosol Spray, Pack of 2, AF400-2, RED</p><p>$27.02</p><a href="https://www.amazon.com/dp/B002U0KGDY?tag=eloabder-20&linkCode=osi&th=1&psc=1">View Product</a></div>
<div class="product"><a href="https://www.amazon.com/dp/B0088LVBUQ?tag=eloabder-20&linkCode=osi&th=1&psc=1"><img src="https://m.media-amazon.com/images/I/31h7l-l6u2L._SL500_.jpg" alt="Product Image"></a><p>Seymour EN-59 Hi-Tech Engine Spray Paint, General Motors Red</p><p>$9.08 ($0.76 / Ounce)</p><a href="https://www.amazon.com/dp/B0088LVBUQ?tag=eloabder-20&linkCode=osi&th=1&psc=1">View Product</a></div>




<div class="product"><a href="https://www.amazon.com/dp/B000HBNU9K?tag=eloabder-20&linkCode=osi&th=1&psc=1"><img src="https://m.media-amazon.com/images/I/41URzfKaVsL._SL500_.jpg" alt="Product Image"></a><p>Permatex 27828 Body Shop Heavy Duty Headliner Adhesive, High-Strength Spray Adhesive, Repair Detached Or Loose Interior Parts, Dries Clear, Aerosol Can, 16.75 Oz</p><p>$17.05 ($1.02 / Ounce)</p><a href="https://www.amazon.com/dp/B000HBNU9K?tag=eloabder-20&linkCode=osi&th=1&psc=1">View Product</a></div><div class="product"><a href="https://www.amazon.com/dp/B001VXXEXU?tag=eloabder-20&linkCode=osi&th=1&psc=1"><img src="https://m.media-amazon.com/images/I/5112onMwzaL._SL500_.jpg" alt="Product Image"></a><p>Vibra-TITE 213 Red VC-3 Original Threadmate, 250ml Can</p><p>$99.19</p><a href="https://www.amazon.com/dp/B001VXXEXU?tag=eloabder-20&linkCode=osi&th=1&psc=1">View Product</a></div><div class="product"><a href="https://www.amazon.com/dp/B0CWPSLTR1?tag=eloabder-20&linkCode=osi&th=1&psc=1"><img src="https://m.media-amazon.com/images/I/31ytleZjjaL._SL500_.jpg" alt="Product Image"></a><p>P & S PROFESSIONAL DETAIL PRODUCTS - Terminator Enzyme Spot and Stain Remover - Perfect for Deodorizing, Removing Embedded Soils, Grease, Dirt, and Protein-Based Stains; Fresh Scent (1 Quart)</p><p>$25.95 ($0.81 / Fl Oz)</p><a href="https://www.amazon.com/dp/B0CWPSLTR1?tag=eloabder-20&linkCode=osi&th=1&psc=1">View Product</a></div><div class="product"><a href="https://www.amazon.com/dp/B07GFNQL9H?tag=eloabder-20&linkCode=osi&th=1&psc=1"><img src="https://m.media-amazon.com/images/I/41AA3Nbt8OL._SL500_.jpg" alt="Product Image"></a><p>Gunk FEB1 Foamy Engine Brite Engine Cleaner - 17oz. 2 Pack</p><p>$17.95 ($0.53 / Ounce)</p><a href="https://www.amazon.com/dp/B07GFNQL9H?tag=eloabder-20&linkCode=osi&th=1&psc=1">View Product</a></div>



<div class="product"><a href="https://www.amazon.com/dp/B003SKCARK?tag=eloabder-20&linkCode=osi&th=1&psc=1"><img src="https://m.media-amazon.com/images/I/41rvU5irgRL._SL500_.jpg" alt="Product Image"></a><p>Obenauf's Heavy Duty LP Leather Preservative (4oz)- All Natural Beeswax Oil Conditioner- Rejuvenate Restore & Preserve Sunfaded or Cracked Boots Jackets Saddles Car Auto Upholstery Furniture- USA Made</p><p>$15.99</p><a href="https://www.amazon.com/dp/B003SKCARK?tag=eloabder-20&linkCode=osi&th=1&psc=1">View Product</a></div>
Aucun résultat trouvé.

<div class="product"><a href="https://www.amazon.com/dp/B0CLWDDWHX?tag=eloabder-20&linkCode=osi&th=1&psc=1"><img src="https://m.media-amazon.com/images/I/51HPMtia03L._SL500_.jpg" alt="Product Image"></a><p>Fire Fix Fire Extinguisher for Home 5-Pack | Made in USA | Emergency Fire Spray Foam for Apartment, Boat, Camping, Car, House, Kitchen & Vehicle | Safety & Survival | Compact, Small, Safe & Easy Use</p><p>$56.95</p><a href="https://www.amazon.com/dp/B0CLWDDWHX?tag=eloabder-20&linkCode=osi&th=1&psc=1">View Product</a></div><div class="product"><a href="https://www.amazon.com/dp/B0CKZF9H3D?tag=eloabder-20&linkCode=osi&th=1&psc=1"><img src="https://m.media-amazon.com/images/I/41+Q4YdByuL._SL500_.jpg" alt="Product Image"></a><p>Firexo All Fires Fire Extinguisher - Multipurpose Mini Aerosol - Pack of 6 - Home, Kitchen, Car, Garage, Boat, Caravan, Camping Household, ABC, Vehicle, Compact, RV, Emergency Equipment (0.1 Gal)</p><p>$139.99</p><a href="https://www.amazon.com/dp/B0CKZF9H3D?tag=eloabder-20&linkCode=osi&th=1&psc=1">View Product</a></div>
Aucun résultat trouvé.
Aucun résultat trouvé.






<div class="product"><a href="https://www.amazon.com/dp/B00FOKOKMU?tag=eloabder-20&linkCode=osi&th=1&psc=1"><img src="https://m.media-amazon.com/images/I/41KsUW-6WOL._SL500_.jpg" alt="Product Image"></a><p>The Original Leather Recoloring Balm by Furniture Clinic - 16 Colors - Leather Repair Kit for Furniture - Restore Couches, Car Seats & More - Leather Dye for Scratched and Faded Leather (Beige)</p><p>$29.95</p><a href="https://www.amazon.com/dp/B00FOKOKMU?tag=eloabder-20&linkCode=osi&th=1&psc=1">View Product</a></div>


<div class="product"><a href="https://www.amazon.com/dp/B0BQX6CPLS?tag=eloabder-20&linkCode=osi&th=1&psc=1"><img src="https://m.media-amazon.com/images/I/51OtuHOIJpL._SL500_.jpg" alt="Product Image"></a><p>Dry Stop Fire Spray by Prepared Hero - 8 Pack - Portable Fire Extinguisher for Home, Car, Garage, Kitchen - Works on Electrical, Grease, Battery Fires & More - Compact, Easy to Use</p><p>$143.99</p><a href="https://www.amazon.com/dp/B0BQX6CPLS?tag=eloabder-20&linkCode=osi&th=1&psc=1">View Product</a></div><div class="product"><a href="https://www.amazon.com/dp/B0BQX76B9K?tag=eloabder-20&linkCode=osi&th=1&psc=1"><img src="https://m.media-amazon.com/images/I/51iHCSuHw5L._SL500_.jpg" alt="Product Image"></a><p>Vapor Clean Fire Spray by Prepared Hero - 8 Pack - Portable Fire Extinguisher for Home, Car, Garage, Kitchen - Works on Electrical, Grease, Battery Fires & More - Compact, Easy to Use</p><p>$143.99</p><a href="https://www.amazon.com/dp/B0BQX76B9K?tag=eloabder-20&linkCode=osi&th=1&psc=1">View Product</a></div><div class="product"><a href="https://www.amazon.com/dp/B0C32NVZJZ?tag=eloabder-20&linkCode=osi&th=1&psc=1"><img src="https://m.media-amazon.com/images/I/61coxTM3mSL._SL500_.jpg" alt="Product Image"></a><p>Houandg Water-Based Fire Extinguisher- 2 Pack Portable Solution for All Fire Types in Homes, Vehicles, Kitchens - Prevents Re-Ignition</p><p>$33.98</p><a href="https://www.amazon.com/dp/B0C32NVZJZ?tag=eloabder-20&linkCode=osi&th=1&psc=1">View Product</a></div>
<div class="product"><a href="https://www.amazon.com/dp/B00L3W1OAO?tag=eloabder-20&linkCode=osi&th=1&psc=1"><img src="https://m.media-amazon.com/images/I/414uILMLuaL._SL500_.jpg" alt="Product Image"></a><p>Pro F/X Rubber Mask Grease Wheel - 1 Ounce - Trauma</p><p>$27.01</p><a href="https://www.amazon.com/dp/B00L3W1OAO?tag=eloabder-20&linkCode=osi&th=1&psc=1">View Product</a></div>
<div class="product"><a href="https://www.amazon.com/dp/B0CZ16SHCH?tag=eloabder-20&linkCode=osi&th=1&psc=1"><img src="https://m.media-amazon.com/images/I/31pYxaz4gYL._SL500_.jpg" alt="Product Image"></a><p>P & S PROFESSIONAL DETAIL PRODUCTS - Rehab - Paint Correction Creme Safe for All Paint Types and with Multiple pad Types - Easy-to-use-Formula Works at Any Stage of Paint Correction - 1 Quart</p><p>$56.95</p><a href="https://www.amazon.com/dp/B0CZ16SHCH?tag=eloabder-20&linkCode=osi&th=1&psc=1">View Product</a></div><div class="product"><a href="https://www.amazon.com/dp/B082BG8HLX?tag=eloabder-20&linkCode=osi&th=1&psc=1"><img src="https://m.media-amazon.com/images/I/31OAXbv7QFL._SL500_.jpg" alt="Product Image"></a><p>Lithium Auto Elixirs Color Crush- A rather intense approach to an Instant Detailer, Infused with color enhancing technology - Extremely Hydrophobic ingredients, long lasting Instant Detailer</p><p>$19.95 ($1.25 / Fl Oz)</p><a href="https://www.amazon.com/dp/B082BG8HLX?tag=eloabder-20&linkCode=osi&th=1&psc=1">View Product</a></div><div class="product"><a href="https://www.amazon.com/dp/B07MTPWZ76?tag=eloabder-20&linkCode=osi&th=1&psc=1"><img src="https://m.media-amazon.com/images/I/41v5yubrqoL._SL500_.jpg" alt="Product Image"></a><p>Lithium Seal and Squeal Paint Sealant/Polish - Incredible Shine and Lasting Protection - Curable Amino Functional Polymers Fused with Si02 Ceramic Nano Technology -Lasts for up to 12 Months (16 oz)</p><p>$39.99 ($2.50 / Ounce)</p><a href="https://www.amazon.com/dp/B07MTPWZ76?tag=eloabder-20&linkCode=osi&th=1&psc=1">View Product</a></div><div class="product"><a href="https://www.amazon.com/dp/B07MVNX377?tag=eloabder-20&linkCode=osi&th=1&psc=1"><img src="https://m.media-amazon.com/images/I/31gEqFf7rhL._SL500_.jpg" alt="Product Image"></a><p>Leather Love - The Best Leather Conditioner On The Planet, Brings Old Leather Back To Life, All Natural Ingredients Mixed With Serious Science, Restores, Rehydrates, Protects (8oz)</p><p>$28.99 ($3.62 / Ounce)</p><a href="https://www.amazon.com/dp/B07MVNX377?tag=eloabder-20&linkCode=osi&th=1&psc=1">View Product</a></div><div class="product"><a href="https://www.amazon.com/dp/B07MTQP514?tag=eloabder-20&linkCode=osi&th=1&psc=1"><img src="https://m.media-amazon.com/images/I/311IYwH-oaL._SL500_.jpg" alt="Product Image"></a><p>Trim Serum- Plastic Restorer- Restores Even the Most Damaged Plastic, Rubber and Vinyl, Last For Months, Penetrates Plastic Pores Restoring Color. (16 Oz)</p><p>$36.99</p><a href="https://www.amazon.com/dp/B07MTQP514?tag=eloabder-20&linkCode=osi&th=1&psc=1">View Product</a></div><div class="product"><a href="https://www.amazon.com/dp/B07236X7TS?tag=eloabder-20&linkCode=osi&th=1&psc=1"><img src="https://m.media-amazon.com/images/I/51-mgxYD9kL._SL500_.jpg" alt="Product Image"></a><p>Skidmore's Biker Edition Leather Cream | All Natural Formula Cleans, Conditions, and Protects your Motorcycle | Made in USA</p><p>$44.98</p><a href="https://www.amazon.com/dp/B07236X7TS?tag=eloabder-20&linkCode=osi&th=1&psc=1">View Product</a></div><div class="product"><a href="https://www.amazon.com/dp/B001CS6HH4?tag=eloabder-20&linkCode=osi&th=1&psc=1"><img src="https://m.media-amazon.com/images/I/41wY0SB+DWL._SL500_.jpg" alt="Product Image"></a><p>Fiebing's Yellow Saddle Soap for Leather (3.5 oz Tin) - Leather Cleaner & Conditioner to Soften, Protect & Restore Leathercraft - Leather Soap for Car Seat, Couch, Shoe, Purse, Boot, Bag, & Saddles</p><p>$7.15 ($2.04 / Ounce)</p><a href="https://www.amazon.com/dp/B001CS6HH4?tag=eloabder-20&linkCode=osi&th=1&psc=1">View Product</a></div><div class="product"><a href="https://www.amazon.com/dp/B08RHZ1BKD?tag=eloabder-20&linkCode=osi&th=1&psc=1"><img src="https://m.media-amazon.com/images/I/21WKh31c4tL._SL500_.jpg" alt="Product Image"></a><p>Lithium Ignite After Wash - Conditions and Shines Surfaces as You Dry. Streak-Free Hydrophobic Formula adds Lubrication to Stop Micro Scratching While Surfaces pop with Color.</p><p>$21.99 ($1.37 / Fl Oz)</p><a href="https://www.amazon.com/dp/B08RHZ1BKD?tag=eloabder-20&linkCode=osi&th=1&psc=1">View Product</a></div><div class="product"><a href="https://www.amazon.com/dp/B0003A1T3E?tag=eloabder-20&linkCode=osi&th=1&psc=1"><img src="https://m.media-amazon.com/images/I/41042PKJ1ZL._SL500_.jpg" alt="Product Image"></a><p>URAD One step All-In-One Leather conditioner 140g - NEUTRAL</p><p>$16.13</p><a href="https://www.amazon.com/dp/B0003A1T3E?tag=eloabder-20&linkCode=osi&th=1&psc=1">View Product</a></div>

<div class="product"><a href="https://www.amazon.com/dp/B0B3NFH3QY?tag=eloabder-20&linkCode=osi&th=1&psc=1"><img src="https://m.media-amazon.com/images/I/51sKVZnP-WL._SL500_.jpg" alt="Product Image"></a><p>Little Joe 96427-6PK I Love Hockey New Car Scent Red Car Air Freshener A/C Vent Clip Uses Alcohol-Free Fragrance Oil is Non-Hazardous and Non-Toxic Plastic, Pack of 6</p><p>$21.99 ($3.66 / Count)</p><a href="https://www.amazon.com/dp/B0B3NFH3QY?tag=eloabder-20&linkCode=osi&th=1&psc=1">View Product</a></div><div class="product"><a href="https://www.amazon.com/dp/B072275K82?tag=eloabder-20&linkCode=osi&th=1&psc=1"><img src="https://m.media-amazon.com/images/I/41wDnF6SiAL._SL500_.jpg" alt="Product Image"></a><p>Little Joe 96404-6PK Fruit Scent, Car Air Freshener, Clips to A/C Air Vent, Alcohol-Free Fragrance Oil, Non-Hazardous and Non-Toxic Plastic, Set of 6</p><p>$16.60 ($2.77 / Count)</p><a href="https://www.amazon.com/dp/B072275K82?tag=eloabder-20&linkCode=osi&th=1&psc=1">View Product</a></div><div class="product"><a href="https://www.amazon.com/dp/B0CQPQ2S4W?tag=eloabder-20&linkCode=osi&th=1&psc=1"><img src="https://m.media-amazon.com/images/I/31iRknmvjeL._SL500_.jpg" alt="Product Image"></a><p>Little Pup 96613 Blue Raspberry Slushy Scent Car Air Freshener A/C Vent Clip Uses Alcohol-Free Fragrance Oil is Non Hazardous and Non Toxic, Pack of 1</p><p>$3.94</p><a href="https://www.amazon.com/dp/B0CQPQ2S4W?tag=eloabder-20&linkCode=osi&th=1&psc=1">View Product</a></div><div class="product"><a href="https://www.amazon.com/dp/B0CQPNMTM4?tag=eloabder-20&linkCode=osi&th=1&psc=1"><img src="https://m.media-amazon.com/images/I/41eEovL+zML._SL500_.jpg" alt="Product Image"></a><p>Little Joe 96414-6PK Orange Creamsicle Scent Car Air Freshener A/C Vent Clip Uses Alcohol-Free Fragrance Oil is Non-Hazardous and Non-Toxic Plastic, Pack of 6</p><p>$25.99 ($4.33 / Count)</p><a href="https://www.amazon.com/dp/B0CQPNMTM4?tag=eloabder-20&linkCode=osi&th=1&psc=1">View Product</a></div><div class="product"><a href="https://www.amazon.com/dp/B0CH9KNNZN?tag=eloabder-20&linkCode=osi&th=1&psc=1"><img src="https://m.media-amazon.com/images/I/41jX66PGMTL._SL500_.jpg" alt="Product Image"></a><p>TAKAVU Clay Bars Auto Detailing 2 Pack X 100g, Premium Grade Material, Magic Clay Bar Cleaner for Cars, RV, Boat and Bus (Grey)</p><p>$9.99</p><a href="https://www.amazon.com/dp/B0CH9KNNZN?tag=eloabder-20&linkCode=osi&th=1&psc=1">View Product</a></div>

<div class="product"><a href="https://www.amazon.com/dp/B004UM6DLE?tag=eloabder-20&linkCode=osi&th=1&psc=1"><img src="https://m.media-amazon.com/images/I/314nawyx6sL._SL500_.jpg" alt="Product Image"></a><p>CARPRO IronX Iron Remover: Stops Rust Spots and Pre-Mature Failure of The Clear Coat, Iron Contaminant Removal - 500mL with Sprayer (17oz)</p><p>$26.78</p><a href="https://www.amazon.com/dp/B004UM6DLE?tag=eloabder-20&linkCode=osi&th=1&psc=1">View Product</a></div><div class="product"><a href="https://www.amazon.com/dp/B01HXZXO98?tag=eloabder-20&linkCode=osi&th=1&psc=1"><img src="https://m.media-amazon.com/images/I/41Ne9OfQGzL._SL500_.jpg" alt="Product Image"></a><p>Chemical Guys CWS80316 Clean Slate Deep Surface Cleaning Car Wash Soap (Removes Old Car Waxes, Glazes & Sealants for Superior Surface Prep), 16 fl oz, Citrus Scent</p><p>$11.99 ($0.75 / Fl Oz)</p><a href="https://www.amazon.com/dp/B01HXZXO98?tag=eloabder-20&linkCode=osi&th=1&psc=1">View Product</a></div><div class="product"><a href="https://www.amazon.com/dp/B07C39H9YX?tag=eloabder-20&linkCode=osi&th=1&psc=1"><img src="https://m.media-amazon.com/images/I/31yK3Vb5xWL._SL500_.jpg" alt="Product Image"></a><p>Adam's Polishes Iron Remover (16oz) - Iron Out Fallout Rust Remover Spray for Car Detailing | Remove Iron Particles in Car Paint, Motorcycle, RV & Boat | Use Before Clay Bar, Car Wax or Car Wash</p><p>$16.99</p><a href="https://www.amazon.com/dp/B07C39H9YX?tag=eloabder-20&linkCode=osi&th=1&psc=1">View Product</a></div><div class="product"><a href="https://www.amazon.com/dp/B0BTJ9DJM5?tag=eloabder-20&linkCode=osi&th=1&psc=1"><img src="https://m.media-amazon.com/images/I/41tNMqlDrxL._SL500_.jpg" alt="Product Image"></a><p>Torque Detail Decon Wash Pack - Decontamination Soap 8oz + Wash Mitt - Surface Strip Wash Car Shampoo - Highly Absorbent Microfiber Chenille Car Wash Mitt Safely Cleans Your Vehicles Entire Surface</p><p>$24.95 ($3.12 / Fl Oz)</p><a href="https://www.amazon.com/dp/B0BTJ9DJM5?tag=eloabder-20&linkCode=osi&th=1&psc=1">View Product</a></div><div class="product"><a href="https://www.amazon.com/dp/B013K5V9PQ?tag=eloabder-20&linkCode=osi&th=1&psc=1"><img src="https://m.media-amazon.com/images/I/41V3rm6NlZL._SL500_.jpg" alt="Product Image"></a><p>CARPRO PolyShave Decon Towel - Car Detailing Clay Decontamination Faster than Clay Bar, Clean & Release of Paint Contaminants and Glass - Increase Wax and Sealant Bond - 12" x 12" (1 Pack)</p><p>$39.97</p><a href="https://www.amazon.com/dp/B013K5V9PQ?tag=eloabder-20&linkCode=osi&th=1&psc=1">View Product</a></div><div class="product"><a href="https://www.amazon.com/dp/B0B788NBWG?tag=eloabder-20&linkCode=osi&th=1&psc=1"><img src="https://m.media-amazon.com/images/I/51NDfAOuEmL._SL500_.jpg" alt="Product Image"></a><p>P & S Professional Detail Products - Clay Decontamination Towel - Effective Cleaning & Release of Paint Contaminants; Increase Wax & Sealant Bond; Enhance Gloss & Depth of Color; Fine Grade-12" x 12"</p><p>$34.95</p><a href="https://www.amazon.com/dp/B0B788NBWG?tag=eloabder-20&linkCode=osi&th=1&psc=1">View Product</a></div><div class="product"><a href="https://www.amazon.com/dp/B0B27TFK69?tag=eloabder-20&linkCode=osi&th=1&psc=1"><img src="https://m.media-amazon.com/images/I/41zJPQIcqeL._SL500_.jpg" alt="Product Image"></a><p>The Rag Company - Ultra Clay Decontamination Mitt - Easy to Use; Effective Cleaning & Release of Paint Contaminants; Increase Wax & Sealant Bond; Enhance Gloss &Color Depth; Fine Grade (8.7"x5.7")</p><p>$34.95</p><a href="https://www.amazon.com/dp/B0B27TFK69?tag=eloabder-20&linkCode=osi&th=1&psc=1">View Product</a></div><div class="product"><a href="https://www.amazon.com/dp/B0C6XBN14N?tag=eloabder-20&linkCode=osi&th=1&psc=1"><img src="https://m.media-amazon.com/images/I/31BSavOJ89L._SL500_.jpg" alt="Product Image"></a><p>3D Iron Remover GLW Series | DIY Car Detailing | Hyper Effective Wheel Decontamination | Removes Iron Particles, Dirt, Brake Dust | Rapid Results | Ultimate Iron & Surface Contaminate Eliminator, 16oz</p><p>$17.99</p><a href="https://www.amazon.com/dp/B0C6XBN14N?tag=eloabder-20&linkCode=osi&th=1&psc=1">View Product</a></div>







<div class="product"><a href="https://www.amazon.com/dp/B0D2SPCW3G?tag=eloabder-20&linkCode=osi&th=1&psc=1"><img src="https://m.media-amazon.com/images/I/41JYIg6xqqL._SL500_.jpg" alt="Product Image"></a><p>Crankcase Ventilation Oil Separator with Gasket Compatible for 2008-2014 Volvo Mack D13 D16 MP8 Engine Replace 21122541 20499419</p><p>$155.99</p><a href="https://www.amazon.com/dp/B0D2SPCW3G?tag=eloabder-20&linkCode=osi&th=1&psc=1">View Product</a></div>

<div class="product"><a href="https://www.amazon.com/dp/B0C6M2FHGX?tag=eloabder-20&linkCode=osi&th=1&psc=1"><img src="https://m.media-amazon.com/images/I/21wWRrpHdbL._SL500_.jpg" alt="Product Image"></a><p>eMagTech 9PCS Warning Sign Please No Smoking Vaping Food Drink Stickers 110x50mm Self-Adhesive Vinyl Window Decal for Car Taxis Buses Minibuses</p><p>$9.49</p><a href="https://www.amazon.com/dp/B0C6M2FHGX?tag=eloabder-20&linkCode=osi&th=1&psc=1">View Product</a></div>

Aucun résultat trouvé.

<div class="product"><a href="https://www.amazon.com/dp/B0CVWZZMRY?tag=eloabder-20&linkCode=osi&th=1&psc=1"><img src="https://m.media-amazon.com/images/I/512y-1GwQNL._SL500_.jpg" alt="Product Image"></a><p>Jewkot 4 PCS Car Wiper Strip, 28" Boneless Structure Car Windshield Cleaning Wiper Strip, DIY Length Auxiliary Cleaning Replacement Accessory, Suitable for Most Cars, Vans, Trucks, Buses (Black)</p><p>$5.58</p><a href="https://www.amazon.com/dp/B0CVWZZMRY?tag=eloabder-20&linkCode=osi&th=1&psc=1">View Product</a></div>
<div class="product"><a href="https://www.amazon.com/dp/B07L3VQC6W?tag=eloabder-20&linkCode=osi&th=1&psc=1"><img src="https://m.media-amazon.com/images/I/41GebP+2HYL._SL500_.jpg" alt="Product Image"></a><p>BRISA VW Collection Volkswagen Air Freshener, Room Freshener, Deodorizer for Cars T1 Bus Campervan Motif (Citrus/Yellow/Set of 2)</p><p>$13.90 ($6.95 / Count)</p><a href="https://www.amazon.com/dp/B07L3VQC6W?tag=eloabder-20&linkCode=osi&th=1&psc=1">View Product</a></div><div class="product"><a href="https://www.amazon.com/dp/B07L3V86JS?tag=eloabder-20&linkCode=osi&th=1&psc=1"><img src="https://m.media-amazon.com/images/I/41TblWhKhQL._SL500_.jpg" alt="Product Image"></a><p>BRISA VW Collection Volkswagen Air Freshener, Room Freshener, Deodorizer for Cars T1 Bus Campervan Motif (New Car/Green/Set of 2)</p><p>$13.90 ($6.95 / Count)</p><a href="https://www.amazon.com/dp/B07L3V86JS?tag=eloabder-20&linkCode=osi&th=1&psc=1">View Product</a></div>


Aucun résultat trouvé.










<div class="product"><a href="https://www.amazon.com/dp/B099HL5SV2?tag=eloabder-20&linkCode=osi&th=1&psc=1"><img src="https://m.media-amazon.com/images/I/31kcR8HnylL._SL500_.jpg" alt="Product Image"></a><p>Philips GoPure GP5212 High Performance HEPA Air Purifier for Car, Removes up to 100 Pollutants, Exhaust Fumes, VOCs, Smoke, Bad Odors, Bacteria and Viruses</p><p>$77.59</p><a href="https://www.amazon.com/dp/B099HL5SV2?tag=eloabder-20&linkCode=osi&th=1&psc=1">View Product</a></div><div class="product"><a href="https://www.amazon.com/dp/B07TB419F7?tag=eloabder-20&linkCode=osi&th=1&psc=1"><img src="https://m.media-amazon.com/images/I/41l9XK-u-eL._SL500_.jpg" alt="Product Image"></a><p>Enoch Ionic Car Air Purifier with Dual USB Car Charger. Car Air Freshener Eliminates Odor, Dust. Removes Smoke, Pet and Food Odor. Ionic Ozone Car Deodorizer (Matt Black)</p><p>$24.50</p><a href="https://www.amazon.com/dp/B07TB419F7?tag=eloabder-20&linkCode=osi&th=1&psc=1">View Product</a></div><div class="product"><a href="https://www.amazon.com/dp/B08C9LKKMM?tag=eloabder-20&linkCode=osi&th=1&psc=1"><img src="https://m.media-amazon.com/images/I/41uJDRzxfrL._SL500_.jpg" alt="Product Image"></a><p>4WDKING Car Air Purifier Ionizer, 12V Plug-in Car Air Freshener Gadgets with Dual USB Charger Removes Cigarette Smoke, Pet and Food Odor, Ionic Ozone (Black)</p><p>$22.99</p><a href="https://www.amazon.com/dp/B08C9LKKMM?tag=eloabder-20&linkCode=osi&th=1&psc=1">View Product</a></div><div class="product"><a href="https://www.amazon.com/dp/B07C7D366L?tag=eloabder-20&linkCode=osi&th=1&psc=1"><img src="https://m.media-amazon.com/images/I/51GvjMcOskL._SL500_.jpg" alt="Product Image"></a><p>Car Air Purifier Ionizer - 12V Plug-in Ionic Anti-Microbial Car Deodorizer with Dual USB Charger - Smoke Smell, Pet and Food Odors, Allergens, Viruses Eliminator for Car (Matte Silver)</p><p>$24.99</p><a href="https://www.amazon.com/dp/B07C7D366L?tag=eloabder-20&linkCode=osi&th=1&psc=1">View Product</a></div><div class="product"><a href="https://www.amazon.com/dp/B086H3FW7T?tag=eloabder-20&linkCode=osi&th=1&psc=1"><img src="https://m.media-amazon.com/images/I/51FfQTz4koL._SL500_.jpg" alt="Product Image"></a><p>bmbu 1000g Large Bamboo Charcoal Air Purifier Bag - Car Deodorizer/Car Freshener - Remove Odor and Control Moisture in Your RV, Camper, SUV, Car, Truck, Closet, Mobile Home, Storage - Non Fragrant</p><p>$22.99 ($0.65 / Ounce)</p><a href="https://www.amazon.com/dp/B086H3FW7T?tag=eloabder-20&linkCode=osi&th=1&psc=1">View Product</a></div><div class="product"><a href="https://www.amazon.com/dp/B019NXUJ5K?tag=eloabder-20&linkCode=osi&th=1&psc=1"><img src="https://m.media-amazon.com/images/I/31grLw6pdUL._SL500_.jpg" alt="Product Image"></a><p>PURGGO Car Air Freshener - Lasts 365+ Days No Chemicals 100% Activated Bamboo Charcoal Fragrance-Free Deodorizer, Natural Auto Odor Eliminator, Purifier, Neutralizer, Absorb Smoke Smell</p><p>$25.99</p><a href="https://www.amazon.com/dp/B019NXUJ5K?tag=eloabder-20&linkCode=osi&th=1&psc=1">View Product</a></div><div class="product"><a href="https://www.amazon.com/dp/B0CT5TBKH5?tag=eloabder-20&linkCode=osi&th=1&psc=1"><img src="https://m.media-amazon.com/images/I/41UB7n6FuwL._SL500_.jpg" alt="Product Image"></a><p>Timgle 1 Pack Car Air Freshener, Lasts 365+ Days, No Chemicals 100% Activated Bamboo Charcoal Fragrance, Free Deodorizer, Natural Auto Odor Eliminator, Purifier, Neutralizer (Khaki Strap)</p><p>$10.99</p><a href="https://www.amazon.com/dp/B0CT5TBKH5?tag=eloabder-20&linkCode=osi&th=1&psc=1">View Product</a></div><div class="product"><a href="https://www.amazon.com/dp/B00V4049K2?tag=eloabder-20&linkCode=osi&th=1&psc=1"><img src="https://m.media-amazon.com/images/I/51rLLMGOc6L._SL500_.jpg" alt="Product Image"></a><p>PURGGO Car Air Freshener - Auto Odor Eliminator - 100% Activated Bamboo Charcoal Air Purifier, Ionizer - Absorb and Remove Smoke Smell - Fragrance-Free Deodorizer - Lasts 365+ Days [Classic Beige]</p><p>$25.99</p><a href="https://www.amazon.com/dp/B00V4049K2?tag=eloabder-20&linkCode=osi&th=1&psc=1">View Product</a></div>








<div class="product"><a href="https://www.amazon.com/dp/B00RYGK12K?tag=eloabder-20&linkCode=osi&th=1&psc=1"><img src="https://m.media-amazon.com/images/I/51RdEyCkvuL._SL500_.jpg" alt="Product Image"></a><p>Little Trees Cardboard Hanging Car, Home & Office Air Freshener, Summer Linen (Pack of 12)</p><p>$11.82 ($0.98 / Count)</p><a href="https://www.amazon.com/dp/B00RYGK12K?tag=eloabder-20&linkCode=osi&th=1&psc=1">View Product</a></div><div class="product"><a href="https://www.amazon.com/dp/B00LM54ZD0?tag=eloabder-20&linkCode=osi&th=1&psc=1"><img src="https://m.media-amazon.com/images/I/41YuRNweefL._SL500_.jpg" alt="Product Image"></a><p>LITTLE TREES Air Fresheners Car Air Freshener. Hanging Tree Provides Long Lasting Scent for Auto or Home. Black Ice, 24 Air Fresheners</p><p>$20.19 ($0.84 / Count)</p><a href="https://www.amazon.com/dp/B00LM54ZD0?tag=eloabder-20&linkCode=osi&th=1&psc=1">View Product</a></div><div class="product"><a href="https://www.amazon.com/dp/B09BB4V1Y8?tag=eloabder-20&linkCode=osi&th=1&psc=1"><img src="https://m.media-amazon.com/images/I/51AKMdDLO-L._SL500_.jpg" alt="Product Image"></a><p>DRIVEJOY Car Air Freshener Vent Clips, 8 PK, 6 Ocean, 2 New Car Scent, Car Fresheners for Men Women, Up to 240 Days, Long Lasting Air Freshener for Car, Odor Eliminator</p><p>$9.98 ($9.60 / Fl Oz)</p><a href="https://www.amazon.com/dp/B09BB4V1Y8?tag=eloabder-20&linkCode=osi&th=1&psc=1">View Product</a></div><div class="product"><a href="https://www.amazon.com/dp/B078JWRLYT?tag=eloabder-20&linkCode=osi&th=1&psc=1"><img src="https://m.media-amazon.com/images/I/41shbIl-LEL._SL500_.jpg" alt="Product Image"></a><p>California Scents Air Freshener 4-Pack Car Air Freshener (Coronado Cherry)</p><p>$12.88 ($2.15 / Ounce)</p><a href="https://www.amazon.com/dp/B078JWRLYT?tag=eloabder-20&linkCode=osi&th=1&psc=1">View Product</a></div><div class="product"><a href="https://www.amazon.com/dp/B0CW4CJWW9?tag=eloabder-20&linkCode=osi&th=1&psc=1"><img src="https://m.media-amazon.com/images/I/417lKQ0MXPL._SL500_.jpg" alt="Product Image"></a><p>Karma, Essential Oil Air Freshener for Cars Set of 2, Home & Office - Colorful Decorative Hanging Air Freshener with Tassel, Buttercup Vanilla Scented</p><p>$8.40 ($4.20 / Count)</p><a href="https://www.amazon.com/dp/B0CW4CJWW9?tag=eloabder-20&linkCode=osi&th=1&psc=1">View Product</a></div><div class="product"><a href="https://www.amazon.com/dp/B00AYCXL2I?tag=eloabder-20&linkCode=osi&th=1&psc=1"><img src="https://m.media-amazon.com/images/I/5165h10nKbL._SL500_.jpg" alt="Product Image"></a><p>Febreze Car Air Fresheners, New Car Scent, Odor Eliminator for Strong Odors Car Vent Clips (2 Count)</p><p>$9.98 ($4.99 / Count)</p><a href="https://www.amazon.com/dp/B00AYCXL2I?tag=eloabder-20&linkCode=osi&th=1&psc=1">View Product</a></div><div class="product"><a href="https://www.amazon.com/dp/B01LZ0N1MJ?tag=eloabder-20&linkCode=osi&th=1&psc=1"><img src="https://m.media-amazon.com/images/I/41J5LJGof9L._SL500_.jpg" alt="Product Image"></a><p>LITTLE TREES Car Air Freshener | Hanging Paper Tree for Home or Car | New Car Scent | 12 Pack</p><p>$11.70 ($0.98 / Count)</p><a href="https://www.amazon.com/dp/B01LZ0N1MJ?tag=eloabder-20&linkCode=osi&th=1&psc=1">View Product</a></div><div class="product"><a href="https://www.amazon.com/dp/B0C2Q2VGPZ?tag=eloabder-20&linkCode=osi&th=1&psc=1"><img src="https://m.media-amazon.com/images/I/413gckSL1EL._SL500_.jpg" alt="Product Image"></a><p>Savage Disposable Card Freshener for Men | Car Scents Air Freshener with Sauvage Fragrance | Strong Car Perfume Air Freshener with Odour Eliminating Technology | Suvage by Perfa</p><p>$6.99</p><a href="https://www.amazon.com/dp/B0C2Q2VGPZ?tag=eloabder-20&linkCode=osi&th=1&psc=1">View Product</a></div>



<div class="product"><a href="https://www.amazon.com/dp/B0D464228M?tag=eloabder-20&linkCode=osi&th=1&psc=1"><img src="https://m.media-amazon.com/images/I/315VtBe9l-L._SL500_.jpg" alt="Product Image"></a><p>Drift Car Air Freshener - Wood Air Freshener - Car Odor Eliminator - Open Air Scent Starter Kit</p><p>$11.95</p><a href="https://www.amazon.com/dp/B0D464228M?tag=eloabder-20&linkCode=osi&th=1&psc=1">View Product</a></div>
<div class="product"><a href="https://www.amazon.com/dp/B071HR14SJ?tag=eloabder-20&linkCode=osi&th=1&psc=1"><img src="https://m.media-amazon.com/images/I/41crypCefDL._SL500_.jpg" alt="Product Image"></a><p>Meguiar's Gold Class Car Wash Soap, Ultra-Rich Car Wash Soap and Conditioner for Car Cleaning, Car Wash Soap to Clean and Condition in One Easy Step, 1 Gallon Car Wash Soap</p><p>$24.99 ($0.20 / Ounce)</p><a href="https://www.amazon.com/dp/B071HR14SJ?tag=eloabder-20&linkCode=osi&th=1&psc=1">View Product</a></div><div class="product"><a href="https://www.amazon.com/dp/B085R9L9Q9?tag=eloabder-20&linkCode=osi&th=1&psc=1"><img src="https://m.media-amazon.com/images/I/41tAv1FNbZL._SL500_.jpg" alt="Product Image"></a><p>Armor All Extreme Shield Protectant Spray , Interior Car Cleaner with UV Protection Against Cracking and Fading, 16 Fl Oz</p><p>$8.98 ($0.56 / Fl Oz)</p><a href="https://www.amazon.com/dp/B085R9L9Q9?tag=eloabder-20&linkCode=osi&th=1&psc=1">View Product</a></div><div class="product"><a href="https://www.amazon.com/dp/B016NA9Y4S?tag=eloabder-20&linkCode=osi&th=1&psc=1"><img src="https://m.media-amazon.com/images/I/31oz8VJFdjL._SL500_.jpg" alt="Product Image"></a><p>Rain-X 5079281-2 Latitude 2-In-1 Wiper Blades, 26 Inch Windshield Wipers (Pack Of 1), Automotive Replacement Windshield Wiper Blades With Patented Rain-X Water Repellency Formula</p><p>$17.08</p><a href="https://www.amazon.com/dp/B016NA9Y4S?tag=eloabder-20&linkCode=osi&th=1&psc=1">View Product</a></div><div class="product"><a href="https://www.amazon.com/dp/B0D2PCCJVK?tag=eloabder-20&linkCode=osi&th=1&psc=1"><img src="https://m.media-amazon.com/images/I/41BFT-c3a9L._SL500_.jpg" alt="Product Image"></a><p>HoogaLife Car Air Freshener Diffuser – Revitalize Your Drive with Hanging Air Freshener Diffuser Aromatic Bliss On The Go(VANILLA CREAM)</p><p>$12.99 ($24.06 / Fl Oz)</p><a href="https://www.amazon.com/dp/B0D2PCCJVK?tag=eloabder-20&linkCode=osi&th=1&psc=1">View Product</a></div><div class="product"><a href="https://www.amazon.com/dp/B0D17SKCLF?tag=eloabder-20&linkCode=osi&th=1&psc=1"><img src="https://m.media-amazon.com/images/I/51VjaK8JNmL._SL500_.jpg" alt="Product Image"></a><p>AIDEA Car Wash Mitt Microfiber, 1PK-Scratch-Free& Lint-Free, Premium Chenille Microfiber Wash Mitt-Green Regular Size (7.12''X10.14'')</p><p>$5.99</p><a href="https://www.amazon.com/dp/B0D17SKCLF?tag=eloabder-20&linkCode=osi&th=1&psc=1">View Product</a></div>








<div class="product"><a href="https://www.amazon.com/dp/B00UZE8D00?tag=eloabder-20&linkCode=osi&th=1&psc=1"><img src="https://m.media-amazon.com/images/I/517VVkgvgcL._SL500_.jpg" alt="Product Image"></a><p>Chemical Guys HOL_996 Convertible Top Cleaner and Protectant Kit, 16 oz, 2 Items</p><p>$29.99</p><a href="https://www.amazon.com/dp/B00UZE8D00?tag=eloabder-20&linkCode=osi&th=1&psc=1">View Product</a></div><div class="product"><a href="https://www.amazon.com/dp/B004HCS4NW?tag=eloabder-20&linkCode=osi&th=1&psc=1"><img src="https://m.media-amazon.com/images/I/41j5b6xRqNL._SL500_.jpg" alt="Product Image"></a><p>Meguiar's Convertible Top Cleaner - Fabric Convertible Top Cleaner and Vinyl Convertible Top Cleaner in One Advanced Formula - Safely Removes Stains, Mildew, Bird Droppings, and More, 16 Oz</p><p>$6.87 ($0.43 / Ounce)</p><a href="https://www.amazon.com/dp/B004HCS4NW?tag=eloabder-20&linkCode=osi&th=1&psc=1">View Product</a></div><div class="product"><a href="https://www.amazon.com/dp/B00UZE80N0?tag=eloabder-20&linkCode=osi&th=1&psc=1"><img src="https://m.media-amazon.com/images/I/31FG83SK9SL._SL500_.jpg" alt="Product Image"></a><p>Chemical Guys SPI_193_16 Convertible Top Protectant and Repellent, (Helps Prevent Fading & Discoloration on Fabric Sot Tops) 16 fl oz (Packaging May Vary)</p><p>$19.99 ($1.25 / Fl Oz)</p><a href="https://www.amazon.com/dp/B00UZE80N0?tag=eloabder-20&linkCode=osi&th=1&psc=1">View Product</a></div><div class="product"><a href="https://www.amazon.com/dp/B00UZE8C1A?tag=eloabder-20&linkCode=osi&th=1&psc=1"><img src="https://m.media-amazon.com/images/I/31aLnXKZxfL._SL500_.jpg" alt="Product Image"></a><p>Chemical Guys ACC_S94 Convertible Top Horse Hair Cleaning Brush, Safe for Cloth Soft Tops, Upholstery, Leather, Furniture, & More</p><p>$14.99</p><a href="https://www.amazon.com/dp/B00UZE8C1A?tag=eloabder-20&linkCode=osi&th=1&psc=1">View Product</a></div><div class="product"><a href="https://www.amazon.com/dp/B000A8JNF0?tag=eloabder-20&linkCode=osi&th=1&psc=1"><img src="https://m.media-amazon.com/images/I/51PLChiVIrL._SL500_.jpg" alt="Product Image"></a><p>303 Products Convertible Fabric Top Cleaning and Care Kit - Cleans And Protects Fabric Tops - Includes Tonneau Cover And Convertible Top Cleaner 16 fl. oz. + Fabric Guard, (30520)</p><p>$32.79 ($1.02 / Fl Oz)</p><a href="https://www.amazon.com/dp/B000A8JNF0?tag=eloabder-20&linkCode=osi&th=1&psc=1">View Product</a></div>
<div class="product"><a href="https://www.amazon.com/dp/B0BCQ1XMWV?tag=eloabder-20&linkCode=osi&th=1&psc=1"><img src="https://m.media-amazon.com/images/I/41lV6Au-S9L._SL500_.jpg" alt="Product Image"></a><p>EMITHSUN® Windshield Wiper Blades Replacement for Honda Civic Coupe 2 Door 2005-2011,That Meet OEM Quality Front Wipers Blade Set for My Car-28"+24"(Set of 2)</p><p>$19.99</p><a href="https://www.amazon.com/dp/B0BCQ1XMWV?tag=eloabder-20&linkCode=osi&th=1&psc=1">View Product</a></div>
<div class="product"><a href="https://www.amazon.com/dp/B00I8ITVZG?tag=eloabder-20&linkCode=osi&th=1&psc=1"><img src="https://m.media-amazon.com/images/I/41TXd564pcL._SL500_.jpg" alt="Product Image"></a><p>ECOGARD XC36067 Premium Cabin Air Filter Fits Hyundai Genesis 2009-2016, Equus 2011-2016 | Genesis G80 2017-2021, G90 2019-2021, GV80 2021 | Kia K900 2020</p><p>$10.98</p><a href="https://www.amazon.com/dp/B00I8ITVZG?tag=eloabder-20&linkCode=osi&th=1&psc=1">View Product</a></div>

<div class="product"><a href="https://www.amazon.com/dp/B097C3NCP1?tag=eloabder-20&linkCode=osi&th=1&psc=1"><img src="https://m.media-amazon.com/images/I/41GXST2+s6L._SL500_.jpg" alt="Product Image"></a><p>Raidbee 12 inch Rear Wiper Blade Replacement for Toyota Corolla Hatchback 2022-2019, Nissan Versa 2019-2014 Back Windshield Wiper (H306/12-B)</p><p>$6.99</p><a href="https://www.amazon.com/dp/B097C3NCP1?tag=eloabder-20&linkCode=osi&th=1&psc=1">View Product</a></div>



<div class="product"><a href="https://www.amazon.com/dp/B0CQ4MLKHJ?tag=eloabder-20&linkCode=osi&th=1&psc=1"><img src="https://m.media-amazon.com/images/I/519f8covwQL._SL500_.jpg" alt="Product Image"></a><p>Feetiger All-in-1 Fire Extinguisher for Home, Kitchen, Car, Garage, RV, Truck, Boat, Camping, Fire Spray that Tackles Multiple Types of Fire, 2pack</p><p>$39.99</p><a href="https://www.amazon.com/dp/B0CQ4MLKHJ?tag=eloabder-20&linkCode=osi&th=1&psc=1">View Product</a></div>
<div class="product"><a href="https://www.amazon.com/dp/B07TS4JV6H?tag=eloabder-20&linkCode=osi&th=1&psc=1"><img src="https://m.media-amazon.com/images/I/412htpDd6fL._SL500_.jpg" alt="Product Image"></a><p>Police Flag Air Freshener, New Car Scent, 6-Pack</p><p>$9.99 ($1.66 / Count)</p><a href="https://www.amazon.com/dp/B07TS4JV6H?tag=eloabder-20&linkCode=osi&th=1&psc=1">View Product</a></div>


<div class="product"><a href="https://www.amazon.com/dp/B009EU5ZNO?tag=eloabder-20&linkCode=osi&th=1&psc=1"><img src="https://m.media-amazon.com/images/I/515MJLZbnoL._SL500_.jpg" alt="Product Image"></a><p>J-B Weld 50133 Plastic Bonder Structural Adhesive Syringe - Tan - 25 ml</p><p>$6.98 ($8.21 / Fl Oz)</p><a href="https://www.amazon.com/dp/B009EU5ZNO?tag=eloabder-20&linkCode=osi&th=1&psc=1">View Product</a></div>



<div class="product"><a href="https://www.amazon.com/dp/B09P6YZP72?tag=eloabder-20&linkCode=osi&th=1&psc=1"><img src="https://m.media-amazon.com/images/I/416rlvu+ayL._SL500_.jpg" alt="Product Image"></a><p>AUTOBOO 26"+20" Windshield Wipers with 16" Rear Wiper Blade Replacement for Dodge Grand Caravan 2008-2012 2013 2014 2015 2016 2017 2018 2019 -Original Factory Quality (Pack of 3)</p><p>$23.99</p><a href="https://www.amazon.com/dp/B09P6YZP72?tag=eloabder-20&linkCode=osi&th=1&psc=1">View Product</a></div><div class="product"><a href="https://www.amazon.com/dp/B0BLYQBDS8?tag=eloabder-20&linkCode=osi&th=1&psc=1"><img src="https://m.media-amazon.com/images/I/51SbpSR2zBL._SL500_.jpg" alt="Product Image"></a><p>A-Premium Engine Air Filter Compatible with Chrysler Town & Country & Dodge Grand Caravan & Ram C/V & Volkswagen Routan, 2011-2020, Flexible Panel, Replace# 4861737AA</p><p>$12.99</p><a href="https://www.amazon.com/dp/B0BLYQBDS8?tag=eloabder-20&linkCode=osi&th=1&psc=1">View Product</a></div>
<div class="product"><a href="https://www.amazon.com/dp/B001FCB4JS?tag=eloabder-20&linkCode=osi&th=1&psc=1"><img src="https://m.media-amazon.com/images/I/21wq6fxqiVL._SL500_.jpg" alt="Product Image"></a><p>Dicor BT-1834-1 Butyl Seal Tape - 1/8" x 3/4" x 30' Repair Tape for RV, Trailer, Motorhome, Window, and Vent Sealing</p><p>$13.15 ($0.44 / Foot)</p><a href="https://www.amazon.com/dp/B001FCB4JS?tag=eloabder-20&linkCode=osi&th=1&psc=1">View Product</a></div>
<div class="product"><a href="https://www.amazon.com/dp/B000BUQOD6?tag=eloabder-20&linkCode=osi&th=1&psc=1"><img src="https://m.media-amazon.com/images/I/41O0CoP1L3L._SL500_.jpg" alt="Product Image"></a><p>Camco Camper/RV Toilet Paper | Sewer-Safe, Septic-Safe & Biodegradable | Designed for Camper, Trailer & Marine Sanitation Systems | 1-Ply Tissue | 4 Toilet Paper Rolls – 280 Sheets per Roll (40275)</p><p>$5.99 ($2.14 / 100 Sheets)</p><a href="https://www.amazon.com/dp/B000BUQOD6?tag=eloabder-20&linkCode=osi&th=1&psc=1">View Product</a></div><div class="product"><a href="https://www.amazon.com/dp/B007JG1W1E?tag=eloabder-20&linkCode=osi&th=1&psc=1"><img src="https://m.media-amazon.com/images/I/41i-j99E9ML._SL500_.jpg" alt="Product Image"></a><p>Camco TST Camper / RV Grey Water Odor Control - Removes Grease Buildup in Gray Water Tank, Sink & Shower Drains - 4oz Treats 40-Gal Holding Tank - Safe Septic Tank Treatment - Lemon, 64 oz (40256)</p><p>$19.94 ($0.31 / Fl Oz)</p><a href="https://www.amazon.com/dp/B007JG1W1E?tag=eloabder-20&linkCode=osi&th=1&psc=1">View Product</a></div><div class="product"><a href="https://www.amazon.com/dp/B016V2OSD0?tag=eloabder-20&linkCode=osi&th=1&psc=1"><img src="https://m.media-amazon.com/images/I/31Jm99RYVXL._SL500_.jpg" alt="Product Image"></a><p>Camco TST MAX RV Toilet Treatment Drop-INs | Control Unwanted Odors and Break Down Waste and Tissue | Septic Tank Safe | Lavender Scent | 15-pack (41559)</p><p>$11.97 ($0.80 / Count)</p><a href="https://www.amazon.com/dp/B016V2OSD0?tag=eloabder-20&linkCode=osi&th=1&psc=1">View Product</a></div>






<div class="product"><a href="https://www.amazon.com/dp/B006GJYOL0?tag=eloabder-20&linkCode=osi&th=1&psc=1"><img src="https://m.media-amazon.com/images/I/41YPjiCzDfL._SL500_.jpg" alt="Product Image"></a><p>Boat Bling HS-0128 Hot Sauce Hard Water Spot Remover, Gallon Refill, for Boats, RVs, Powersport Vehicles and More, Black,1 Gallon</p><p>$54.95 ($0.43 / Fl Oz)</p><a href="https://www.amazon.com/dp/B006GJYOL0?tag=eloabder-20&linkCode=osi&th=1&psc=1">View Product</a></div><div class="product"><a href="https://www.amazon.com/dp/B0000AXVCB?tag=eloabder-20&linkCode=osi&th=1&psc=1"><img src="https://m.media-amazon.com/images/I/51gtsDb7zDL._SL500_.jpg" alt="Product Image"></a><p>Meguiar's M4364 Marine/RV Boat Wash - 64 Oz Container</p><p>$13.99 ($0.22 / Fl Oz)</p><a href="https://www.amazon.com/dp/B0000AXVCB?tag=eloabder-20&linkCode=osi&th=1&psc=1">View Product</a></div><div class="product"><a href="https://www.amazon.com/dp/B0007TR47G?tag=eloabder-20&linkCode=osi&th=1&psc=1"><img src="https://m.media-amazon.com/images/I/41Q4SzlVojL._SL500_.jpg" alt="Product Image"></a><p>Meguiar's Flagship Premium Marine Wax, Boat Polish and Oxidation Remover - 32 Oz Bottle</p><p>$21.49</p><a href="https://www.amazon.com/dp/B0007TR47G?tag=eloabder-20&linkCode=osi&th=1&psc=1">View Product</a></div><div class="product"><a href="https://www.amazon.com/dp/B006GJYLFY?tag=eloabder-20&linkCode=osi&th=1&psc=1"><img src="https://m.media-amazon.com/images/I/31G78TSjssL._SL500_.jpg" alt="Product Image"></a><p>Boat Bling Condition Sauce Premium Interior Moisturizer w/UV Protection, 32 oz.</p><p>$27.95</p><a href="https://www.amazon.com/dp/B006GJYLFY?tag=eloabder-20&linkCode=osi&th=1&psc=1">View Product</a></div><div class="product"><a href="https://www.amazon.com/dp/B006GJYKWI?tag=eloabder-20&linkCode=osi&th=1&psc=1"><img src="https://m.media-amazon.com/images/I/41AcDanNz-L._SL500_.jpg" alt="Product Image"></a><p>Boat Bling VS-0032 Vinyl Sauce Premium Vinyl and Leather Cleaner, 32 Oz., for Boats, RVs, Powersport Vehicles and More</p><p>$22.95 ($0.72 / Fl Oz)</p><a href="https://www.amazon.com/dp/B006GJYKWI?tag=eloabder-20&linkCode=osi&th=1&psc=1">View Product</a></div>
<div class="product"><a href="https://www.amazon.com/dp/B004OJTEKK?tag=eloabder-20&linkCode=osi&th=1&psc=1"><img src="https://m.media-amazon.com/images/I/41q8kkNiKOL._SL500_.jpg" alt="Product Image"></a><p>Shurhold Yacht Brite YBP-0302 Brite Wash - 1 Gallon</p><p>$23.97 ($0.19 / Fl Oz)</p><a href="https://www.amazon.com/dp/B004OJTEKK?tag=eloabder-20&linkCode=osi&th=1&psc=1">View Product</a></div>




<div class="product"><a href="https://www.amazon.com/dp/B0B2RDZNZB?tag=eloabder-20&linkCode=osi&th=1&psc=1"><img src="https://m.media-amazon.com/images/I/51RVSUoRuGL._SL500_.jpg" alt="Product Image"></a><p>Fancemot Helicopter Car Air Fresheners Rotating Solar Car Fresheners Airplane Car Perfume (Osmanthus & Vanilla)</p><p>$14.08</p><a href="https://www.amazon.com/dp/B0B2RDZNZB?tag=eloabder-20&linkCode=osi&th=1&psc=1">View Product</a></div><div class="product"><a href="https://www.amazon.com/dp/B0994PG1ZD?tag=eloabder-20&linkCode=osi&th=1&psc=1"><img src="https://m.media-amazon.com/images/I/413er0A8cVS._SL500_.jpg" alt="Product Image"></a><p>NICEADA Car Air Freshener, Helicopter Solar Energy Rotating Aromatherapy Aviation Al Alloy Diffuser, Interior Decoration Accessories Diffuser for Car and Home (Silver)</p><p>$23.99</p><a href="https://www.amazon.com/dp/B0994PG1ZD?tag=eloabder-20&linkCode=osi&th=1&psc=1">View Product</a></div><div class="product"><a href="https://www.amazon.com/dp/B09ZTMZKSJ?tag=eloabder-20&linkCode=osi&th=1&psc=1"><img src="https://m.media-amazon.com/images/I/41rz5PydC9L._SL500_.jpg" alt="Product Image"></a><p>Air Freshener, Gigicloud Car Fragrance Diffuser Solar Rotating Automotive Air Fresheners Ornament Helicopter Shape Solid Aromatherapy Decoration for Car and Home (Black)</p><p>$15.49</p><a href="https://www.amazon.com/dp/B09ZTMZKSJ?tag=eloabder-20&linkCode=osi&th=1&psc=1">View Product</a></div><div class="product"><a href="https://www.amazon.com/dp/B0CWNNPCD3?tag=eloabder-20&linkCode=osi&th=1&psc=1"><img src="https://m.media-amazon.com/images/I/51nznnJJhfL._SL500_.jpg" alt="Product Image"></a><p>Car Air Freshener Diffuser, KaiDengZhe 1PCS Helicopter Solar Energy Rotating Aromatherapy Aviation Al Alloy Diffuser, Car Diffuser for Essential Oils, Relieve Stress and Purifie Odors for Car and Home</p><p>$15.99</p><a href="https://www.amazon.com/dp/B0CWNNPCD3?tag=eloabder-20&linkCode=osi&th=1&psc=1">View Product</a></div><div class="product"><a href="https://www.amazon.com/dp/B0B8T47G65?tag=eloabder-20&linkCode=osi&th=1&psc=1"><img src="https://m.media-amazon.com/images/I/41d6cgVheqL._SL500_.jpg" alt="Product Image"></a><p>Joyfunky Car Air Fresheners with Solar Rotating, Creative Car Perfume Decoration, Relieve Stress and Purifie Odors, Use at Car, office and Home, Silver</p><p>$12.99</p><a href="https://www.amazon.com/dp/B0B8T47G65?tag=eloabder-20&linkCode=osi&th=1&psc=1">View Product</a></div><div class="product"><a href="https://www.amazon.com/dp/B0D4ZHJVK8?tag=eloabder-20&linkCode=osi&th=1&psc=1"><img src="https://m.media-amazon.com/images/I/41sEhsjtb4L._SL500_.jpg" alt="Product Image"></a><p>NICEADA Helicopter Solar Car Air Freshener Refill Set, Solar Essential Oil Refill Perfume Oil for Car Air Fresheners(4 Packs)</p><p>$21.99 ($24.99 / Fl Oz)</p><a href="https://www.amazon.com/dp/B0D4ZHJVK8?tag=eloabder-20&linkCode=osi&th=1&psc=1">View Product</a></div><div class="product"><a href="https://www.amazon.com/dp/B0D251XW47?tag=eloabder-20&linkCode=osi&th=1&psc=1"><img src="https://m.media-amazon.com/images/I/41x6lmNq9fL._SL500_.jpg" alt="Product Image"></a><p>Helicopter Car Air Fresheners with Solar Rotating, Creative Car Perfume Decoration, Car Airplane Fragrance Diffuser for Car, Home, Office (Silver)</p><p>$13.09</p><a href="https://www.amazon.com/dp/B0D251XW47?tag=eloabder-20&linkCode=osi&th=1&psc=1">View Product</a></div>

<div class="product"><a href="https://www.amazon.com/dp/B0D4154TQG?tag=eloabder-20&linkCode=osi&th=1&psc=1"><img src="https://m.media-amazon.com/images/I/217Iw-nO3UL._SL500_.jpg" alt="Product Image"></a><p>RV Curtain Glide Tape A115, 1/2 Inch Glides Clear RV Curtain Strip Curtain Slide Tape 72 Inches Long Use with Ceiling or Wall Mount Curtain Track A201 A202 (2 Pack)</p><p>$17.99</p><a href="https://www.amazon.com/dp/B0D4154TQG?tag=eloabder-20&linkCode=osi&th=1&psc=1">View Product</a></div>
<div class="product"><a href="https://www.amazon.com/dp/B08W4PQN8L?tag=eloabder-20&linkCode=osi&th=1&psc=1"><img src="https://m.media-amazon.com/images/I/41udmrd6QTL._SL500_.jpg" alt="Product Image"></a><p>Hot Air Balloon Novelty Air Freshener for Car - Sandalwood Scented Automotive Accessory New Mexico Souvenir Gift (Pack of 4)</p><p>$7.99 ($2.00 / Count)</p><a href="https://www.amazon.com/dp/B08W4PQN8L?tag=eloabder-20&linkCode=osi&th=1&psc=1">View Product</a></div>















<div class="product"><a href="https://www.amazon.com/dp/B0CP87K2VD?tag=eloabder-20&linkCode=osi&th=1&psc=1"><img src="https://m.media-amazon.com/images/I/41dTH4OPkcL._SL500_.jpg" alt="Product Image"></a><p>For harley air cleaner filter Touring street glide road king electra tri trike Dyna Sportster XL 883 1200 Softail air intake (Drift style -Contrast Cut, C-For Touring 08-16, Softail 16-17)</p><p>$125.00</p><a href="https://www.amazon.com/dp/B0CP87K2VD?tag=eloabder-20&linkCode=osi&th=1&psc=1">View Product</a></div><div class="product"><a href="https://www.amazon.com/dp/B08DNLNY3G?tag=eloabder-20&linkCode=osi&th=1&psc=1"><img src="https://m.media-amazon.com/images/I/51baNj3o8CL._SL500_.jpg" alt="Product Image"></a><p>2963308 HD1508 Ultra Classic Air Filter Cleaner for 2008-2014 Harley Davidson Street Glide, Electra Glide, Road King, Road Glide Custom, Ultra Classic and other select models HD-1508</p><p>$21.99</p><a href="https://www.amazon.com/dp/B08DNLNY3G?tag=eloabder-20&linkCode=osi&th=1&psc=1">View Product</a></div><div class="product"><a href="https://www.amazon.com/dp/B0CQ2KKC3N?tag=eloabder-20&linkCode=osi&th=1&psc=1"><img src="https://m.media-amazon.com/images/I/31W2a0gAwIL._SL500_.jpg" alt="Product Image"></a><p>High-Flo Replacement Air Filter Element For Ventilator - Milwaukee-Eight Engine '18-later Softail and '17-later Touring and Trike Models Equipped with 114 Air Cleaner</p><p>$39.99</p><a href="https://www.amazon.com/dp/B0CQ2KKC3N?tag=eloabder-20&linkCode=osi&th=1&psc=1">View Product</a></div><div class="product"><a href="https://www.amazon.com/dp/B0CPJ5BSGM?tag=eloabder-20&linkCode=osi&th=1&psc=1"><img src="https://m.media-amazon.com/images/I/41cUadnGKpL._SL500_.jpg" alt="Product Image"></a><p>For harley air cleaner filter sportster street road glide king for harley davidson motorcycle air intake (Nake style -Black, A-For Sportster XL models)</p><p>$169.00</p><a href="https://www.amazon.com/dp/B0CPJ5BSGM?tag=eloabder-20&linkCode=osi&th=1&psc=1">View Product</a></div><div class="product"><a href="https://www.amazon.com/dp/B0CR17NS1M?tag=eloabder-20&linkCode=osi&th=1&psc=1"><img src="https://m.media-amazon.com/images/I/41n57oM0A-L._SL500_.jpg" alt="Product Image"></a><p>For harley air cleaner filter Sportster Softail Touring street road king glide Dyna for harley davidson air intake filters (Speed 7 style -gray filter, C-For Touring 08-16, Softail 16-17)</p><p>$89.00</p><a href="https://www.amazon.com/dp/B0CR17NS1M?tag=eloabder-20&linkCode=osi&th=1&psc=1">View Product</a></div><div class="product"><a href="https://www.amazon.com/dp/B0CR167HDN?tag=eloabder-20&linkCode=osi&th=1&psc=1"><img src="https://m.media-amazon.com/images/I/41o4byfzbRL._SL500_.jpg" alt="Product Image"></a><p>For harley davidson air cleaner filter sportster Touring street glide road king electra Dyna Softail motorcycle air intake (Chromed- gray filter, C-For Touring 2008-2016)</p><p>$99.00</p><a href="https://www.amazon.com/dp/B0CR167HDN?tag=eloabder-20&linkCode=osi&th=1&psc=1">View Product</a></div>







<div class="product"><a href="https://www.amazon.com/dp/B08WH8CWDM?tag=eloabder-20&linkCode=osi&th=1&psc=1"><img src="https://m.media-amazon.com/images/I/41Jj3ouB+1L._SL500_.jpg" alt="Product Image"></a><p>Glaze 'N Seal Color Enhancer Paver Sealer, 1 Gallon (923)</p><p>$62.99</p><a href="https://www.amazon.com/dp/B08WH8CWDM?tag=eloabder-20&linkCode=osi&th=1&psc=1">View Product</a></div>

<div class="product"><a href="https://www.amazon.com/dp/B0B58G8WRX?tag=eloabder-20&linkCode=osi&th=1&psc=1"><img src="https://m.media-amazon.com/images/I/41hjxJMTGJL._SL500_.jpg" alt="Product Image"></a><p>Solarhome Air Filter 333-D2696 333D2696 Compatible with JCB Backhoe Loader 3CX 4CX Telehandler 531-70</p><p>$34.50</p><a href="https://www.amazon.com/dp/B0B58G8WRX?tag=eloabder-20&linkCode=osi&th=1&psc=1">View Product</a></div>




<div class="product"><a href="https://www.amazon.com/dp/B07G7XG6BV?tag=eloabder-20&linkCode=osi&th=1&psc=1"><img src="https://m.media-amazon.com/images/I/510tZGutn6L._SL500_.jpg" alt="Product Image"></a><p>Holikme 6Pack Cleaning Brush Power Scrubber Cleaning Brush Extended Long Attachment Set All Purpose Scrub Brushes Kit for Grout, Floor, Tub, Shower, Tile, Bathroom,Car Cleaning Brush，Yellow</p><p>$6.95</p><a href="https://www.amazon.com/dp/B07G7XG6BV?tag=eloabder-20&linkCode=osi&th=1&psc=1">View Product</a></div>



<div class="product"><a href="https://www.amazon.com/dp/B000FW2NWQ?tag=eloabder-20&linkCode=osi&th=1&psc=1"><img src="https://m.media-amazon.com/images/I/31VlBDw7uDL._SL500_.jpg" alt="Product Image"></a><p>Performance Tool W233 12-Inch Long Reach Extension Scraper with 3pc Double Edged Plastic Razor Scraper Blades and 3pc Carbon Steel Razor Scraper Blades</p><p>$10.31</p><a href="https://www.amazon.com/dp/B000FW2NWQ?tag=eloabder-20&linkCode=osi&th=1&psc=1">View Product</a></div>
<div class="product"><a href="https://www.amazon.com/dp/B0BV2CQ5SW?tag=eloabder-20&linkCode=osi&th=1&psc=1"><img src="https://m.media-amazon.com/images/I/51VkTDjGg4L._SL500_.jpg" alt="Product Image"></a><p>Filterelated Mixed Bed Deionized Di Resin Filter Fill, Suitable For Spotless Car Wash System Filter Change, Tds Filter, Aquarium Filter, Deionized Car Wash,5 Liters</p><p>$49.99</p><a href="https://www.amazon.com/dp/B0BV2CQ5SW?tag=eloabder-20&linkCode=osi&th=1&psc=1">View Product</a></div><div class="product"><a href="https://www.amazon.com/dp/B01MRVQ9UE?tag=eloabder-20&linkCode=osi&th=1&psc=1"><img src="https://m.media-amazon.com/images/I/51+i6fjU6tL._SL500_.jpg" alt="Product Image"></a><p>Husqvarna XP Pre-Mixed Fuel and Engine Oil Quart (3 Pack),Blue</p><p>$32.99 ($0.34 / Count)</p><a href="https://www.amazon.com/dp/B01MRVQ9UE?tag=eloabder-20&linkCode=osi&th=1&psc=1">View Product</a></div>




<div class="product"><a href="https://www.amazon.com/dp/B01N2G2NEJ?tag=eloabder-20&linkCode=osi&th=1&psc=1"><img src="https://m.media-amazon.com/images/I/41-5g4zEDpL._SL500_.jpg" alt="Product Image"></a><p>Chemical Guys SPI10816 Heavy Duty Water Spot Remover, Safe for Cars, Trucks, Motorcycles, RVs & More, 16 fl oz</p><p>$17.97 ($1.12 / Fl Oz)</p><a href="https://www.amazon.com/dp/B01N2G2NEJ?tag=eloabder-20&linkCode=osi&th=1&psc=1">View Product</a></div>









<div class="product"><a href="https://www.amazon.com/dp/B08YRVH2QV?tag=eloabder-20&linkCode=osi&th=1&psc=1"><img src="https://m.media-amazon.com/images/I/5164O-Jr2QL._SL500_.jpg" alt="Product Image"></a><p>Thetford AquaMAX Summer Cypress Scent RV Holding Tank Treatment, Formaldehyde Free, Waste Digester, Septic Tank Safe, 5 Gallon Bottle (96754)</p><p>$248.18</p><a href="https://www.amazon.com/dp/B08YRVH2QV?tag=eloabder-20&linkCode=osi&th=1&psc=1">View Product</a></div><div class="product"><a href="https://www.amazon.com/dp/B0BPMW7485?tag=eloabder-20&linkCode=osi&th=1&psc=1"><img src="https://m.media-amazon.com/images/I/51WNuQeew7L._SL500_.jpg" alt="Product Image"></a><p>XFasten Butyl Tape Black 1/2” x 30’ x 1/8" Butyl Sealant Tape Headlight Sealant Putty Tape | Black Butyl Caulking Tape | Butyl Tape RV Putty Tape EPDM Automotive Butyl Rubber Window Sealant for RV</p><p>$13.99 ($0.47 / Foot)</p><a href="https://www.amazon.com/dp/B0BPMW7485?tag=eloabder-20&linkCode=osi&th=1&psc=1">View Product</a></div>
<div class="product"><a href="https://www.amazon.com/dp/B006DXWZQU?tag=eloabder-20&linkCode=osi&th=1&psc=1"><img src="https://m.media-amazon.com/images/I/41wtqfFFfQL._SL500_.jpg" alt="Product Image"></a><p>FRAM Ultra Synthetic Automotive Replacement Oil Filter, Designed for Synthetic Oil Changes Lasting up to 20k Miles, XG10575 with SureGrip (Pack of 1)</p><p>$10.79</p><a href="https://www.amazon.com/dp/B006DXWZQU?tag=eloabder-20&linkCode=osi&th=1&psc=1">View Product</a></div><div class="product"><a href="https://www.amazon.com/dp/B01LH7L0XA?tag=eloabder-20&linkCode=osi&th=1&psc=1"><img src="https://m.media-amazon.com/images/I/41yD3QmbyZL._SL500_.jpg" alt="Product Image"></a><p>Shell Rotella T4 Triple Protection Conventional 15W-40 Diesel Engine Oil (1-Gallon, Single Pack)</p><p>$15.98 ($0.12 / Fl Oz)</p><a href="https://www.amazon.com/dp/B01LH7L0XA?tag=eloabder-20&linkCode=osi&th=1&psc=1">View Product</a></div><div class="product"><a href="https://www.amazon.com/dp/B00ICSWGJ0?tag=eloabder-20&linkCode=osi&th=1&psc=1"><img src="https://m.media-amazon.com/images/I/41Ahz5dVc5L._SL500_.jpg" alt="Product Image"></a><p>Castrol Edge 5W-30 Advanced Full Synthetic Motor Oil, 5 Quarts</p><p>$24.72 ($0.15 / Fl Oz)</p><a href="https://www.amazon.com/dp/B00ICSWGJ0?tag=eloabder-20&linkCode=osi&th=1&psc=1">View Product</a></div><div class="product"><a href="https://www.amazon.com/dp/B01N8RPDT8?tag=eloabder-20&linkCode=osi&th=1&psc=1"><img src="https://m.media-amazon.com/images/I/41Qm+9e8sCL._SL500_.jpg" alt="Product Image"></a><p>Motorcraft - Oil - Engine (XO10W305Q3SD)</p><p>$32.27</p><a href="https://www.amazon.com/dp/B01N8RPDT8?tag=eloabder-20&linkCode=osi&th=1&psc=1">View Product</a></div>
<div class="product"><a href="https://www.amazon.com/dp/B07FTRZLM5?tag=eloabder-20&linkCode=osi&th=1&psc=1"><img src="https://m.media-amazon.com/images/I/416uoNYOsXL._SL500_.jpg" alt="Product Image"></a><p>Chemical Guys HOL126 14-Piece Arsenal Builder Car Wash Kit with Foam Gun, Bucket, and (5) 16 oz Car Care Cleaning Chemicals, Gift for Car & Truck Lovers, Dads and DIYers (Works w/Garden Hose)</p><p>$119.99</p><a href="https://www.amazon.com/dp/B07FTRZLM5?tag=eloabder-20&linkCode=osi&th=1&psc=1">View Product</a></div><div class="product"><a href="https://www.amazon.com/dp/B0741RL23Q?tag=eloabder-20&linkCode=osi&th=1&psc=1"><img src="https://m.media-amazon.com/images/I/410wwKZBYVL._SL500_.jpg" alt="Product Image"></a><p>Chemical Guys SPI220 Total Interior Cleaner and Protectant, Safe for Cars, Trucks, SUVs, Jeeps, Motorcycles, RVs & More, 128 fl oz (1 Gallon)</p><p>$54.99 ($0.43 / Fl Oz)</p><a href="https://www.amazon.com/dp/B0741RL23Q?tag=eloabder-20&linkCode=osi&th=1&psc=1">View Product</a></div><div class="product"><a href="https://www.amazon.com/dp/B002J7VX4Y?tag=eloabder-20&linkCode=osi&th=1&psc=1"><img src="https://m.media-amazon.com/images/I/41oijnffQ0L._SL500_.jpg" alt="Product Image"></a><p>Chemical Guys AIR_101_16 New Car Smell Premium Air Freshener and Odor Eliminator, Long-Lasting Scent, Great for Cars, Trucks, SUVs, RVs & More, 16 fl oz</p><p>$10.99 ($0.69 / Fl Oz)</p><a href="https://www.amazon.com/dp/B002J7VX4Y?tag=eloabder-20&linkCode=osi&th=1&psc=1">View Product</a></div><div class="product"><a href="https://www.amazon.com/dp/B077TPG55M?tag=eloabder-20&linkCode=osi&th=1&psc=1"><img src="https://m.media-amazon.com/images/I/51aYksYRthL._SL500_.jpg" alt="Product Image"></a><p>Chemical Guys CWS20264 Tough Mudder Foaming Truck, Off Road, ATV and RV Heavy Duty Wash Soap,(Works with Foam Cannons, Foam Guns or Bucket Washes), 64 fl oz (Half Gallon), Lemon Scent</p><p>$39.99 ($0.62 / Fl Oz)</p><a href="https://www.amazon.com/dp/B077TPG55M?tag=eloabder-20&linkCode=osi&th=1&psc=1">View Product</a></div><div class="product"><a href="https://www.amazon.com/dp/B00BJCAPEE?tag=eloabder-20&linkCode=osi&th=1&psc=1"><img src="https://m.media-amazon.com/images/I/416RIPKVW1L._SL500_.jpg" alt="Product Image"></a><p>Chemical Guys CWS_402 Mr. Pink Foaming Car Wash Soap (Works with Foam Cannons, Foam Guns or Bucket Washes) Safe for Cars, Trucks, Motorcycles, RVs & More, 128 fl oz, Candy Scent</p><p>$39.99 ($0.31 / Fl Oz)</p><a href="https://www.amazon.com/dp/B00BJCAPEE?tag=eloabder-20&linkCode=osi&th=1&psc=1">View Product</a></div><div class="product"><a href="https://www.amazon.com/dp/B01C6AISUK?tag=eloabder-20&linkCode=osi&th=1&psc=1"><img src="https://m.media-amazon.com/images/I/41FrDCDPB6S._SL500_.jpg" alt="Product Image"></a><p>Chemical Guys CLD_700_16 Mat Renew Rubber + Vinyl Floor Mat Cleaner And Protectant, Safe for Cars, Trucks, SUVs, Motorcycles, RVs & More, 16 fl oz</p><p>$10.99 ($0.69 / Fl Oz)</p><a href="https://www.amazon.com/dp/B01C6AISUK?tag=eloabder-20&linkCode=osi&th=1&psc=1">View Product</a></div><div class="product"><a href="https://www.amazon.com/dp/B01N76S0A7?tag=eloabder-20&linkCode=osi&th=1&psc=1"><img src="https://m.media-amazon.com/images/I/51jurhYPCgL._SL500_.jpg" alt="Product Image"></a><p>Chemical Guys HOL131 Premium Chenille Microfiber Car Wash Mop and Heavy Duty Extendable Pole Kit (Great for RVs, Trucks, SUVs, Jeeps & Large Vehicles), With Mr. Pink Foaming Car Wash Soap - 4 fl oz</p><p>$49.99</p><a href="https://www.amazon.com/dp/B01N76S0A7?tag=eloabder-20&linkCode=osi&th=1&psc=1">View Product</a></div><div class="product"><a href="https://www.amazon.com/dp/B009OTW646?tag=eloabder-20&linkCode=osi&th=1&psc=1"><img src="https://m.media-amazon.com/images/I/41lG36UqLBL._SL500_.jpg" alt="Product Image"></a><p>Chemical Guys CWS 110 Honeydew Snow Foam Car Wash Soap (Works with Foam Cannons, Guns or Bucket Washes) Safe for Trucks, Motorcycles, RVs & More, 128 fl oz (1 Gallon), Honeydew Scent</p><p>$39.99 ($0.31 / Fl Oz)</p><a href="https://www.amazon.com/dp/B009OTW646?tag=eloabder-20&linkCode=osi&th=1&psc=1">View Product</a></div><div class="product"><a href="https://www.amazon.com/dp/B08P54Z2C2?tag=eloabder-20&linkCode=osi&th=1&psc=1"><img src="https://m.media-amazon.com/images/I/41Ra65iS2OL._SL500_.jpg" alt="Product Image"></a><p>Chemical Guys WAC23316 HydroSpeed Ceramic Quick Detailer, Safe for Cars, Trucks, SUVs, Motorcycles, RVs & More, 16 fl oz</p><p>$24.99</p><a href="https://www.amazon.com/dp/B08P54Z2C2?tag=eloabder-20&linkCode=osi&th=1&psc=1">View Product</a></div>
<div class="product"><a href="https://www.amazon.com/dp/B0C7WLPQC7?tag=eloabder-20&linkCode=osi&th=1&psc=1"><img src="https://m.media-amazon.com/images/I/41hJeSxsSWL._SL500_.jpg" alt="Product Image"></a><p>Detail King Car Odor Removal - Chlorine Dioxide Cup - Extreme Odor Eliminator For Car - Safe And Easy To Use (3 Oz (Pack of 1) - Plastic)</p><p>$24.95 ($8.32 / Ounce)</p><a href="https://www.amazon.com/dp/B0C7WLPQC7?tag=eloabder-20&linkCode=osi&th=1&psc=1">View Product</a></div>

<div class="product"><a href="https://www.amazon.com/dp/B0052XFWCG?tag=eloabder-20&linkCode=osi&th=1&psc=1"><img src="https://m.media-amazon.com/images/I/41qajeJVXLL._SL500_.jpg" alt="Product Image"></a><p>Hot Shot's Secret HSS64Z Original Stiction Eliminator 64 Fluid Ounce Bottle, Green</p><p>$53.45 ($0.84 / Fl Oz)</p><a href="https://www.amazon.com/dp/B0052XFWCG?tag=eloabder-20&linkCode=osi&th=1&psc=1">View Product</a></div><div class="product"><a href="https://www.amazon.com/dp/B009M64CAW?tag=eloabder-20&linkCode=osi&th=1&psc=1"><img src="https://m.media-amazon.com/images/I/417D8X0nkBL._SL500_.jpg" alt="Product Image"></a><p>Lucas Oil 10679 Hot Rod & Classic Car SAE 10W-30 Motor Oil - 5 Quart</p><p>$38.50 ($0.24 / Fl Oz)</p><a href="https://www.amazon.com/dp/B009M64CAW?tag=eloabder-20&linkCode=osi&th=1&psc=1">View Product</a></div><div class="product"><a href="https://www.amazon.com/dp/B01L9ARY9O?tag=eloabder-20&linkCode=osi&th=1&psc=1"><img src="https://m.media-amazon.com/images/I/51yaZAYH75L._SL500_.jpg" alt="Product Image"></a><p>FPPF Chemical Co 00161 16 OZ HOT 4-in-1 Heating Oil Treatment (2 Bottles)</p><p>$26.42</p><a href="https://www.amazon.com/dp/B01L9ARY9O?tag=eloabder-20&linkCode=osi&th=1&psc=1">View Product</a></div><div class="product"><a href="https://www.amazon.com/dp/B009M64CUM?tag=eloabder-20&linkCode=osi&th=1&psc=1"><img src="https://m.media-amazon.com/images/I/41yiWaF8YQL._SL500_.jpg" alt="Product Image"></a><p>Lucas Oil 10683 Hot Rod & Classic Car SAE 10W-40 Motor Oil - 5 Quart</p><p>$43.24 ($0.27 / Fl Oz)</p><a href="https://www.amazon.com/dp/B009M64CUM?tag=eloabder-20&linkCode=osi&th=1&psc=1">View Product</a></div><div class="product"><a href="https://www.amazon.com/dp/B0973HNRH9?tag=eloabder-20&linkCode=osi&th=1&psc=1"><img src="https://m.media-amazon.com/images/I/41kyGGJa--L._SL500_.jpg" alt="Product Image"></a><p>Hot Shot's Secret FR3 Friction Reducer 64 Fluid Ounce 2 Quarts, Light Yellow Liquid, (HSSFR364Z)</p><p>$59.73 ($0.93 / Fl Oz)</p><a href="https://www.amazon.com/dp/B0973HNRH9?tag=eloabder-20&linkCode=osi&th=1&psc=1">View Product</a></div><div class="product"><a href="https://www.amazon.com/dp/B082YFQQ25?tag=eloabder-20&linkCode=osi&th=1&psc=1"><img src="https://m.media-amazon.com/images/I/511PTX7LlZL._SL500_.jpg" alt="Product Image"></a><p>Hot Shot's Secret Green Diamond 100 Percent Synthetic 15W40 Oil Diesel 1 Gallon</p><p>$39.99 ($0.31 / Fl Oz)</p><a href="https://www.amazon.com/dp/B082YFQQ25?tag=eloabder-20&linkCode=osi&th=1&psc=1">View Product</a></div>















<div class="product"><a href="https://www.amazon.com/dp/B08PTMXCJL?tag=eloabder-20&linkCode=osi&th=1&psc=1"><img src="https://m.media-amazon.com/images/I/410eJv-7UHL._SL500_.jpg" alt="Product Image"></a><p>Moly Grease | 3% Molybdenum Disulfide | Fifth Wheel | 5th | Automotive | Tractor | Axle | Spline | CV Joint | Lithium EP Grease | High Temp | 35 LB Pail Bucket | Black Moly | NLGI 2 | HeavyDuty Moly</p><p>$174.99 ($0.31 / Ounce)</p><a href="https://www.amazon.com/dp/B08PTMXCJL?tag=eloabder-20&linkCode=osi&th=1&psc=1">View Product</a></div><div class="product"><a href="https://www.amazon.com/dp/B08PTHJTK5?tag=eloabder-20&linkCode=osi&th=1&psc=1"><img src="https://m.media-amazon.com/images/I/41VdMjJ38aL._SL500_.jpg" alt="Product Image"></a><p>Wheel Bearing Grease Pail | Lithium Complex | High Temp EP | CV Joint | Axle | Automotive | Tractor | Truck | Ball Joint | Marine Boat | Gear | Heavy Duty | Blue | 35 LB Bucket | NLGI 2 | MultiPurpose</p><p>$167.99 ($0.30 / Ounce)</p><a href="https://www.amazon.com/dp/B08PTHJTK5?tag=eloabder-20&linkCode=osi&th=1&psc=1">View Product</a></div><div class="product"><a href="https://www.amazon.com/dp/B0013J1UA6?tag=eloabder-20&linkCode=osi&th=1&psc=1"><img src="https://m.media-amazon.com/images/I/41G0Fkf7KnL._SL500_.jpg" alt="Product Image"></a><p>CRC Food Grade Chain Lube 03055 – 12 Wt. Oz. Aerosol, NSF H1 Gear, Chain, and Wire Lubricant</p><p>$19.25 ($1.60 / Ounce)</p><a href="https://www.amazon.com/dp/B0013J1UA6?tag=eloabder-20&linkCode=osi&th=1&psc=1">View Product</a></div>





<div class="product"><a href="https://www.amazon.com/dp/B08GQ9G2V5?tag=eloabder-20&linkCode=osi&th=1&psc=1"><img src="https://m.media-amazon.com/images/I/511+rapOlWL._SL500_.jpg" alt="Product Image"></a><p>Armor All Car Air Freshener and Purifier, Car Odor Eliminator, 1.5 Ounce (Pack of 3)</p><p>$21.21 ($4.71 / Ounce)</p><a href="https://www.amazon.com/dp/B08GQ9G2V5?tag=eloabder-20&linkCode=osi&th=1&psc=1">View Product</a></div>







<div class="product"><a href="https://www.amazon.com/dp/B001229JCU?tag=eloabder-20&linkCode=osi&th=1&psc=1"><img src="https://m.media-amazon.com/images/I/31W6FuKPMcL._SL500_.jpg" alt="Product Image"></a><p>First Alert EZ Fire Spray, Extinguishing Aerosol Spray, AF400 Red 18 Ounce (Pack of 1)</p><p>$12.49</p><a href="https://www.amazon.com/dp/B001229JCU?tag=eloabder-20&linkCode=osi&th=1&psc=1">View Product</a></div><div class="product"><a href="https://www.amazon.com/dp/B002U0KGDY?tag=eloabder-20&linkCode=osi&th=1&psc=1"><img src="https://m.media-amazon.com/images/I/51p6R+mcRhL._SL500_.jpg" alt="Product Image"></a><p>First Alert EZ Fire Spray, Extinguishing Aerosol Spray, Pack of 2, AF400-2, RED</p><p>$27.02</p><a href="https://www.amazon.com/dp/B002U0KGDY?tag=eloabder-20&linkCode=osi&th=1&psc=1">View Product</a></div>
<div class="product"><a href="https://www.amazon.com/dp/B0088LVBUQ?tag=eloabder-20&linkCode=osi&th=1&psc=1"><img src="https://m.media-amazon.com/images/I/31h7l-l6u2L._SL500_.jpg" alt="Product Image"></a><p>Seymour EN-59 Hi-Tech Engine Spray Paint, General Motors Red</p><p>$9.08 ($0.76 / Ounce)</p><a href="https://www.amazon.com/dp/B0088LVBUQ?tag=eloabder-20&linkCode=osi&th=1&psc=1">View Product</a></div>




<div class="product"><a href="https://www.amazon.com/dp/B000HBNU9K?tag=eloabder-20&linkCode=osi&th=1&psc=1"><img src="https://m.media-amazon.com/images/I/41URzfKaVsL._SL500_.jpg" alt="Product Image"></a><p>Permatex 27828 Body Shop Heavy Duty Headliner Adhesive, High-Strength Spray Adhesive, Repair Detached Or Loose Interior Parts, Dries Clear, Aerosol Can, 16.75 Oz</p><p>$17.05 ($1.02 / Ounce)</p><a href="https://www.amazon.com/dp/B000HBNU9K?tag=eloabder-20&linkCode=osi&th=1&psc=1">View Product</a></div><div class="product"><a href="https://www.amazon.com/dp/B001VXXEXU?tag=eloabder-20&linkCode=osi&th=1&psc=1"><img src="https://m.media-amazon.com/images/I/5112onMwzaL._SL500_.jpg" alt="Product Image"></a><p>Vibra-TITE 213 Red VC-3 Original Threadmate, 250ml Can</p><p>$99.19</p><a href="https://www.amazon.com/dp/B001VXXEXU?tag=eloabder-20&linkCode=osi&th=1&psc=1">View Product</a></div><div class="product"><a href="https://www.amazon.com/dp/B0CWPSLTR1?tag=eloabder-20&linkCode=osi&th=1&psc=1"><img src="https://m.media-amazon.com/images/I/31ytleZjjaL._SL500_.jpg" alt="Product Image"></a><p>P & S PROFESSIONAL DETAIL PRODUCTS - Terminator Enzyme Spot and Stain Remover - Perfect for Deodorizing, Removing Embedded Soils, Grease, Dirt, and Protein-Based Stains; Fresh Scent (1 Quart)</p><p>$25.95 ($0.81 / Fl Oz)</p><a href="https://www.amazon.com/dp/B0CWPSLTR1?tag=eloabder-20&linkCode=osi&th=1&psc=1">View Product</a></div><div class="product"><a href="https://www.amazon.com/dp/B07GFNQL9H?tag=eloabder-20&linkCode=osi&th=1&psc=1"><img src="https://m.media-amazon.com/images/I/41AA3Nbt8OL._SL500_.jpg" alt="Product Image"></a><p>Gunk FEB1 Foamy Engine Brite Engine Cleaner - 17oz. 2 Pack</p><p>$17.95 ($0.53 / Ounce)</p><a href="https://www.amazon.com/dp/B07GFNQL9H?tag=eloabder-20&linkCode=osi&th=1&psc=1">View Product</a></div>



<div class="product"><a href="https://www.amazon.com/dp/B003SKCARK?tag=eloabder-20&linkCode=osi&th=1&psc=1"><img src="https://m.media-amazon.com/images/I/41rvU5irgRL._SL500_.jpg" alt="Product Image"></a><p>Obenauf's Heavy Duty LP Leather Preservative (4oz)- All Natural Beeswax Oil Conditioner- Rejuvenate Restore & Preserve Sunfaded or Cracked Boots Jackets Saddles Car Auto Upholstery Furniture- USA Made</p><p>$15.99</p><a href="https://www.amazon.com/dp/B003SKCARK?tag=eloabder-20&linkCode=osi&th=1&psc=1">View Product</a></div>
Aucun résultat trouvé.

<div class="product"><a href="https://www.amazon.com/dp/B0CLWDDWHX?tag=eloabder-20&linkCode=osi&th=1&psc=1"><img src="https://m.media-amazon.com/images/I/51HPMtia03L._SL500_.jpg" alt="Product Image"></a><p>Fire Fix Fire Extinguisher for Home 5-Pack | Made in USA | Emergency Fire Spray Foam for Apartment, Boat, Camping, Car, House, Kitchen & Vehicle | Safety & Survival | Compact, Small, Safe & Easy Use</p><p>$56.95</p><a href="https://www.amazon.com/dp/B0CLWDDWHX?tag=eloabder-20&linkCode=osi&th=1&psc=1">View Product</a></div><div class="product"><a href="https://www.amazon.com/dp/B0CKZF9H3D?tag=eloabder-20&linkCode=osi&th=1&psc=1"><img src="https://m.media-amazon.com/images/I/41+Q4YdByuL._SL500_.jpg" alt="Product Image"></a><p>Firexo All Fires Fire Extinguisher - Multipurpose Mini Aerosol - Pack of 6 - Home, Kitchen, Car, Garage, Boat, Caravan, Camping Household, ABC, Vehicle, Compact, RV, Emergency Equipment (0.1 Gal)</p><p>$139.99</p><a href="https://www.amazon.com/dp/B0CKZF9H3D?tag=eloabder-20&linkCode=osi&th=1&psc=1">View Product</a></div>
Aucun résultat trouvé.
Aucun résultat trouvé.






<div class="product"><a href="https://www.amazon.com/dp/B00FOKOKMU?tag=eloabder-20&linkCode=osi&th=1&psc=1"><img src="https://m.media-amazon.com/images/I/41KsUW-6WOL._SL500_.jpg" alt="Product Image"></a><p>The Original Leather Recoloring Balm by Furniture Clinic - 16 Colors - Leather Repair Kit for Furniture - Restore Couches, Car Seats & More - Leather Dye for Scratched and Faded Leather (Beige)</p><p>$29.95</p><a href="https://www.amazon.com/dp/B00FOKOKMU?tag=eloabder-20&linkCode=osi&th=1&psc=1">View Product</a></div>


<div class="product"><a href="https://www.amazon.com/dp/B0BQX6CPLS?tag=eloabder-20&linkCode=osi&th=1&psc=1"><img src="https://m.media-amazon.com/images/I/51OtuHOIJpL._SL500_.jpg" alt="Product Image"></a><p>Dry Stop Fire Spray by Prepared Hero - 8 Pack - Portable Fire Extinguisher for Home, Car, Garage, Kitchen - Works on Electrical, Grease, Battery Fires & More - Compact, Easy to Use</p><p>$143.99</p><a href="https://www.amazon.com/dp/B0BQX6CPLS?tag=eloabder-20&linkCode=osi&th=1&psc=1">View Product</a></div><div class="product"><a href="https://www.amazon.com/dp/B0BQX76B9K?tag=eloabder-20&linkCode=osi&th=1&psc=1"><img src="https://m.media-amazon.com/images/I/51iHCSuHw5L._SL500_.jpg" alt="Product Image"></a><p>Vapor Clean Fire Spray by Prepared Hero - 8 Pack - Portable Fire Extinguisher for Home, Car, Garage, Kitchen - Works on Electrical, Grease, Battery Fires & More - Compact, Easy to Use</p><p>$143.99</p><a href="https://www.amazon.com/dp/B0BQX76B9K?tag=eloabder-20&linkCode=osi&th=1&psc=1">View Product</a></div><div class="product"><a href="https://www.amazon.com/dp/B0C32NVZJZ?tag=eloabder-20&linkCode=osi&th=1&psc=1"><img src="https://m.media-amazon.com/images/I/61coxTM3mSL._SL500_.jpg" alt="Product Image"></a><p>Houandg Water-Based Fire Extinguisher- 2 Pack Portable Solution for All Fire Types in Homes, Vehicles, Kitchens - Prevents Re-Ignition</p><p>$33.98</p><a href="https://www.amazon.com/dp/B0C32NVZJZ?tag=eloabder-20&linkCode=osi&th=1&psc=1">View Product</a></div>
<div class="product"><a href="https://www.amazon.com/dp/B00L3W1OAO?tag=eloabder-20&linkCode=osi&th=1&psc=1"><img src="https://m.media-amazon.com/images/I/414uILMLuaL._SL500_.jpg" alt="Product Image"></a><p>Pro F/X Rubber Mask Grease Wheel - 1 Ounce - Trauma</p><p>$27.01</p><a href="https://www.amazon.com/dp/B00L3W1OAO?tag=eloabder-20&linkCode=osi&th=1&psc=1">View Product</a></div>
<div class="product"><a href="https://www.amazon.com/dp/B0CZ16SHCH?tag=eloabder-20&linkCode=osi&th=1&psc=1"><img src="https://m.media-amazon.com/images/I/31pYxaz4gYL._SL500_.jpg" alt="Product Image"></a><p>P & S PROFESSIONAL DETAIL PRODUCTS - Rehab - Paint Correction Creme Safe for All Paint Types and with Multiple pad Types - Easy-to-use-Formula Works at Any Stage of Paint Correction - 1 Quart</p><p>$56.95</p><a href="https://www.amazon.com/dp/B0CZ16SHCH?tag=eloabder-20&linkCode=osi&th=1&psc=1">View Product</a></div><div class="product"><a href="https://www.amazon.com/dp/B082BG8HLX?tag=eloabder-20&linkCode=osi&th=1&psc=1"><img src="https://m.media-amazon.com/images/I/31OAXbv7QFL._SL500_.jpg" alt="Product Image"></a><p>Lithium Auto Elixirs Color Crush- A rather intense approach to an Instant Detailer, Infused with color enhancing technology - Extremely Hydrophobic ingredients, long lasting Instant Detailer</p><p>$19.95 ($1.25 / Fl Oz)</p><a href="https://www.amazon.com/dp/B082BG8HLX?tag=eloabder-20&linkCode=osi&th=1&psc=1">View Product</a></div><div class="product"><a href="https://www.amazon.com/dp/B07MTPWZ76?tag=eloabder-20&linkCode=osi&th=1&psc=1"><img src="https://m.media-amazon.com/images/I/41v5yubrqoL._SL500_.jpg" alt="Product Image"></a><p>Lithium Seal and Squeal Paint Sealant/Polish - Incredible Shine and Lasting Protection - Curable Amino Functional Polymers Fused with Si02 Ceramic Nano Technology -Lasts for up to 12 Months (16 oz)</p><p>$39.99 ($2.50 / Ounce)</p><a href="https://www.amazon.com/dp/B07MTPWZ76?tag=eloabder-20&linkCode=osi&th=1&psc=1">View Product</a></div><div class="product"><a href="https://www.amazon.com/dp/B07MVNX377?tag=eloabder-20&linkCode=osi&th=1&psc=1"><img src="https://m.media-amazon.com/images/I/31gEqFf7rhL._SL500_.jpg" alt="Product Image"></a><p>Leather Love - The Best Leather Conditioner On The Planet, Brings Old Leather Back To Life, All Natural Ingredients Mixed With Serious Science, Restores, Rehydrates, Protects (8oz)</p><p>$28.99 ($3.62 / Ounce)</p><a href="https://www.amazon.com/dp/B07MVNX377?tag=eloabder-20&linkCode=osi&th=1&psc=1">View Product</a></div><div class="product"><a href="https://www.amazon.com/dp/B07MTQP514?tag=eloabder-20&linkCode=osi&th=1&psc=1"><img src="https://m.media-amazon.com/images/I/311IYwH-oaL._SL500_.jpg" alt="Product Image"></a><p>Trim Serum- Plastic Restorer- Restores Even the Most Damaged Plastic, Rubber and Vinyl, Last For Months, Penetrates Plastic Pores Restoring Color. (16 Oz)</p><p>$36.99</p><a href="https://www.amazon.com/dp/B07MTQP514?tag=eloabder-20&linkCode=osi&th=1&psc=1">View Product</a></div><div class="product"><a href="https://www.amazon.com/dp/B07236X7TS?tag=eloabder-20&linkCode=osi&th=1&psc=1"><img src="https://m.media-amazon.com/images/I/51-mgxYD9kL._SL500_.jpg" alt="Product Image"></a><p>Skidmore's Biker Edition Leather Cream | All Natural Formula Cleans, Conditions, and Protects your Motorcycle | Made in USA</p><p>$44.98</p><a href="https://www.amazon.com/dp/B07236X7TS?tag=eloabder-20&linkCode=osi&th=1&psc=1">View Product</a></div><div class="product"><a href="https://www.amazon.com/dp/B001CS6HH4?tag=eloabder-20&linkCode=osi&th=1&psc=1"><img src="https://m.media-amazon.com/images/I/41wY0SB+DWL._SL500_.jpg" alt="Product Image"></a><p>Fiebing's Yellow Saddle Soap for Leather (3.5 oz Tin) - Leather Cleaner & Conditioner to Soften, Protect & Restore Leathercraft - Leather Soap for Car Seat, Couch, Shoe, Purse, Boot, Bag, & Saddles</p><p>$7.15 ($2.04 / Ounce)</p><a href="https://www.amazon.com/dp/B001CS6HH4?tag=eloabder-20&linkCode=osi&th=1&psc=1">View Product</a></div><div class="product"><a href="https://www.amazon.com/dp/B08RHZ1BKD?tag=eloabder-20&linkCode=osi&th=1&psc=1"><img src="https://m.media-amazon.com/images/I/21WKh31c4tL._SL500_.jpg" alt="Product Image"></a><p>Lithium Ignite After Wash - Conditions and Shines Surfaces as You Dry. Streak-Free Hydrophobic Formula adds Lubrication to Stop Micro Scratching While Surfaces pop with Color.</p><p>$21.99 ($1.37 / Fl Oz)</p><a href="https://www.amazon.com/dp/B08RHZ1BKD?tag=eloabder-20&linkCode=osi&th=1&psc=1">View Product</a></div><div class="product"><a href="https://www.amazon.com/dp/B0003A1T3E?tag=eloabder-20&linkCode=osi&th=1&psc=1"><img src="https://m.media-amazon.com/images/I/41042PKJ1ZL._SL500_.jpg" alt="Product Image"></a><p>URAD One step All-In-One Leather conditioner 140g - NEUTRAL</p><p>$16.13</p><a href="https://www.amazon.com/dp/B0003A1T3E?tag=eloabder-20&linkCode=osi&th=1&psc=1">View Product</a></div>

<div class="product"><a href="https://www.amazon.com/dp/B0B3NFH3QY?tag=eloabder-20&linkCode=osi&th=1&psc=1"><img src="https://m.media-amazon.com/images/I/51sKVZnP-WL._SL500_.jpg" alt="Product Image"></a><p>Little Joe 96427-6PK I Love Hockey New Car Scent Red Car Air Freshener A/C Vent Clip Uses Alcohol-Free Fragrance Oil is Non-Hazardous and Non-Toxic Plastic, Pack of 6</p><p>$21.99 ($3.66 / Count)</p><a href="https://www.amazon.com/dp/B0B3NFH3QY?tag=eloabder-20&linkCode=osi&th=1&psc=1">View Product</a></div><div class="product"><a href="https://www.amazon.com/dp/B072275K82?tag=eloabder-20&linkCode=osi&th=1&psc=1"><img src="https://m.media-amazon.com/images/I/41wDnF6SiAL._SL500_.jpg" alt="Product Image"></a><p>Little Joe 96404-6PK Fruit Scent, Car Air Freshener, Clips to A/C Air Vent, Alcohol-Free Fragrance Oil, Non-Hazardous and Non-Toxic Plastic, Set of 6</p><p>$16.60 ($2.77 / Count)</p><a href="https://www.amazon.com/dp/B072275K82?tag=eloabder-20&linkCode=osi&th=1&psc=1">View Product</a></div><div class="product"><a href="https://www.amazon.com/dp/B0CQPQ2S4W?tag=eloabder-20&linkCode=osi&th=1&psc=1"><img src="https://m.media-amazon.com/images/I/31iRknmvjeL._SL500_.jpg" alt="Product Image"></a><p>Little Pup 96613 Blue Raspberry Slushy Scent Car Air Freshener A/C Vent Clip Uses Alcohol-Free Fragrance Oil is Non Hazardous and Non Toxic, Pack of 1</p><p>$3.94</p><a href="https://www.amazon.com/dp/B0CQPQ2S4W?tag=eloabder-20&linkCode=osi&th=1&psc=1">View Product</a></div><div class="product"><a href="https://www.amazon.com/dp/B0CQPNMTM4?tag=eloabder-20&linkCode=osi&th=1&psc=1"><img src="https://m.media-amazon.com/images/I/41eEovL+zML._SL500_.jpg" alt="Product Image"></a><p>Little Joe 96414-6PK Orange Creamsicle Scent Car Air Freshener A/C Vent Clip Uses Alcohol-Free Fragrance Oil is Non-Hazardous and Non-Toxic Plastic, Pack of 6</p><p>$25.99 ($4.33 / Count)</p><a href="https://www.amazon.com/dp/B0CQPNMTM4?tag=eloabder-20&linkCode=osi&th=1&psc=1">View Product</a></div><div class="product"><a href="https://www.amazon.com/dp/B0CH9KNNZN?tag=eloabder-20&linkCode=osi&th=1&psc=1"><img src="https://m.media-amazon.com/images/I/41jX66PGMTL._SL500_.jpg" alt="Product Image"></a><p>TAKAVU Clay Bars Auto Detailing 2 Pack X 100g, Premium Grade Material, Magic Clay Bar Cleaner for Cars, RV, Boat and Bus (Grey)</p><p>$9.99</p><a href="https://www.amazon.com/dp/B0CH9KNNZN?tag=eloabder-20&linkCode=osi&th=1&psc=1">View Product</a></div>

<div class="product"><a href="https://www.amazon.com/dp/B004UM6DLE?tag=eloabder-20&linkCode=osi&th=1&psc=1"><img src="https://m.media-amazon.com/images/I/314nawyx6sL._SL500_.jpg" alt="Product Image"></a><p>CARPRO IronX Iron Remover: Stops Rust Spots and Pre-Mature Failure of The Clear Coat, Iron Contaminant Removal - 500mL with Sprayer (17oz)</p><p>$26.78</p><a href="https://www.amazon.com/dp/B004UM6DLE?tag=eloabder-20&linkCode=osi&th=1&psc=1">View Product</a></div><div class="product"><a href="https://www.amazon.com/dp/B01HXZXO98?tag=eloabder-20&linkCode=osi&th=1&psc=1"><img src="https://m.media-amazon.com/images/I/41Ne9OfQGzL._SL500_.jpg" alt="Product Image"></a><p>Chemical Guys CWS80316 Clean Slate Deep Surface Cleaning Car Wash Soap (Removes Old Car Waxes, Glazes & Sealants for Superior Surface Prep), 16 fl oz, Citrus Scent</p><p>$11.99 ($0.75 / Fl Oz)</p><a href="https://www.amazon.com/dp/B01HXZXO98?tag=eloabder-20&linkCode=osi&th=1&psc=1">View Product</a></div><div class="product"><a href="https://www.amazon.com/dp/B07C39H9YX?tag=eloabder-20&linkCode=osi&th=1&psc=1"><img src="https://m.media-amazon.com/images/I/31yK3Vb5xWL._SL500_.jpg" alt="Product Image"></a><p>Adam's Polishes Iron Remover (16oz) - Iron Out Fallout Rust Remover Spray for Car Detailing | Remove Iron Particles in Car Paint, Motorcycle, RV & Boat | Use Before Clay Bar, Car Wax or Car Wash</p><p>$16.99</p><a href="https://www.amazon.com/dp/B07C39H9YX?tag=eloabder-20&linkCode=osi&th=1&psc=1">View Product</a></div><div class="product"><a href="https://www.amazon.com/dp/B0BTJ9DJM5?tag=eloabder-20&linkCode=osi&th=1&psc=1"><img src="https://m.media-amazon.com/images/I/41tNMqlDrxL._SL500_.jpg" alt="Product Image"></a><p>Torque Detail Decon Wash Pack - Decontamination Soap 8oz + Wash Mitt - Surface Strip Wash Car Shampoo - Highly Absorbent Microfiber Chenille Car Wash Mitt Safely Cleans Your Vehicles Entire Surface</p><p>$24.95 ($3.12 / Fl Oz)</p><a href="https://www.amazon.com/dp/B0BTJ9DJM5?tag=eloabder-20&linkCode=osi&th=1&psc=1">View Product</a></div><div class="product"><a href="https://www.amazon.com/dp/B013K5V9PQ?tag=eloabder-20&linkCode=osi&th=1&psc=1"><img src="https://m.media-amazon.com/images/I/41V3rm6NlZL._SL500_.jpg" alt="Product Image"></a><p>CARPRO PolyShave Decon Towel - Car Detailing Clay Decontamination Faster than Clay Bar, Clean & Release of Paint Contaminants and Glass - Increase Wax and Sealant Bond - 12" x 12" (1 Pack)</p><p>$39.97</p><a href="https://www.amazon.com/dp/B013K5V9PQ?tag=eloabder-20&linkCode=osi&th=1&psc=1">View Product</a></div><div class="product"><a href="https://www.amazon.com/dp/B0B788NBWG?tag=eloabder-20&linkCode=osi&th=1&psc=1"><img src="https://m.media-amazon.com/images/I/51NDfAOuEmL._SL500_.jpg" alt="Product Image"></a><p>P & S Professional Detail Products - Clay Decontamination Towel - Effective Cleaning & Release of Paint Contaminants; Increase Wax & Sealant Bond; Enhance Gloss & Depth of Color; Fine Grade-12" x 12"</p><p>$34.95</p><a href="https://www.amazon.com/dp/B0B788NBWG?tag=eloabder-20&linkCode=osi&th=1&psc=1">View Product</a></div><div class="product"><a href="https://www.amazon.com/dp/B0B27TFK69?tag=eloabder-20&linkCode=osi&th=1&psc=1"><img src="https://m.media-amazon.com/images/I/41zJPQIcqeL._SL500_.jpg" alt="Product Image"></a><p>The Rag Company - Ultra Clay Decontamination Mitt - Easy to Use; Effective Cleaning & Release of Paint Contaminants; Increase Wax & Sealant Bond; Enhance Gloss &Color Depth; Fine Grade (8.7"x5.7")</p><p>$34.95</p><a href="https://www.amazon.com/dp/B0B27TFK69?tag=eloabder-20&linkCode=osi&th=1&psc=1">View Product</a></div><div class="product"><a href="https://www.amazon.com/dp/B0C6XBN14N?tag=eloabder-20&linkCode=osi&th=1&psc=1"><img src="https://m.media-amazon.com/images/I/31BSavOJ89L._SL500_.jpg" alt="Product Image"></a><p>3D Iron Remover GLW Series | DIY Car Detailing | Hyper Effective Wheel Decontamination | Removes Iron Particles, Dirt, Brake Dust | Rapid Results | Ultimate Iron & Surface Contaminate Eliminator, 16oz</p><p>$17.99</p><a href="https://www.amazon.com/dp/B0C6XBN14N?tag=eloabder-20&linkCode=osi&th=1&psc=1">View Product</a></div>







<div class="product"><a href="https://www.amazon.com/dp/B0D2SPCW3G?tag=eloabder-20&linkCode=osi&th=1&psc=1"><img src="https://m.media-amazon.com/images/I/41JYIg6xqqL._SL500_.jpg" alt="Product Image"></a><p>Crankcase Ventilation Oil Separator with Gasket Compatible for 2008-2014 Volvo Mack D13 D16 MP8 Engine Replace 21122541 20499419</p><p>$155.99</p><a href="https://www.amazon.com/dp/B0D2SPCW3G?tag=eloabder-20&linkCode=osi&th=1&psc=1">View Product</a></div>

<div class="product"><a href="https://www.amazon.com/dp/B0C6M2FHGX?tag=eloabder-20&linkCode=osi&th=1&psc=1"><img src="https://m.media-amazon.com/images/I/21wWRrpHdbL._SL500_.jpg" alt="Product Image"></a><p>eMagTech 9PCS Warning Sign Please No Smoking Vaping Food Drink Stickers 110x50mm Self-Adhesive Vinyl Window Decal for Car Taxis Buses Minibuses</p><p>$9.49</p><a href="https://www.amazon.com/dp/B0C6M2FHGX?tag=eloabder-20&linkCode=osi&th=1&psc=1">View Product</a></div>

Aucun résultat trouvé.

<div class="product"><a href="https://www.amazon.com/dp/B0CVWZZMRY?tag=eloabder-20&linkCode=osi&th=1&psc=1"><img src="https://m.media-amazon.com/images/I/512y-1GwQNL._SL500_.jpg" alt="Product Image"></a><p>Jewkot 4 PCS Car Wiper Strip, 28" Boneless Structure Car Windshield Cleaning Wiper Strip, DIY Length Auxiliary Cleaning Replacement Accessory, Suitable for Most Cars, Vans, Trucks, Buses (Black)</p><p>$5.58</p><a href="https://www.amazon.com/dp/B0CVWZZMRY?tag=eloabder-20&linkCode=osi&th=1&psc=1">View Product</a></div>
<div class="product"><a href="https://www.amazon.com/dp/B07L3VQC6W?tag=eloabder-20&linkCode=osi&th=1&psc=1"><img src="https://m.media-amazon.com/images/I/41GebP+2HYL._SL500_.jpg" alt="Product Image"></a><p>BRISA VW Collection Volkswagen Air Freshener, Room Freshener, Deodorizer for Cars T1 Bus Campervan Motif (Citrus/Yellow/Set of 2)</p><p>$13.90 ($6.95 / Count)</p><a href="https://www.amazon.com/dp/B07L3VQC6W?tag=eloabder-20&linkCode=osi&th=1&psc=1">View Product</a></div><div class="product"><a href="https://www.amazon.com/dp/B07L3V86JS?tag=eloabder-20&linkCode=osi&th=1&psc=1"><img src="https://m.media-amazon.com/images/I/41TblWhKhQL._SL500_.jpg" alt="Product Image"></a><p>BRISA VW Collection Volkswagen Air Freshener, Room Freshener, Deodorizer for Cars T1 Bus Campervan Motif (New Car/Green/Set of 2)</p><p>$13.90 ($6.95 / Count)</p><a href="https://www.amazon.com/dp/B07L3V86JS?tag=eloabder-20&linkCode=osi&th=1&psc=1">View Product</a></div>


Aucun résultat trouvé.










<div class="product"><a href="https://www.amazon.com/dp/B099HL5SV2?tag=eloabder-20&linkCode=osi&th=1&psc=1"><img src="https://m.media-amazon.com/images/I/31kcR8HnylL._SL500_.jpg" alt="Product Image"></a><p>Philips GoPure GP5212 High Performance HEPA Air Purifier for Car, Removes up to 100 Pollutants, Exhaust Fumes, VOCs, Smoke, Bad Odors, Bacteria and Viruses</p><p>$77.59</p><a href="https://www.amazon.com/dp/B099HL5SV2?tag=eloabder-20&linkCode=osi&th=1&psc=1">View Product</a></div><div class="product"><a href="https://www.amazon.com/dp/B07TB419F7?tag=eloabder-20&linkCode=osi&th=1&psc=1"><img src="https://m.media-amazon.com/images/I/41l9XK-u-eL._SL500_.jpg" alt="Product Image"></a><p>Enoch Ionic Car Air Purifier with Dual USB Car Charger. Car Air Freshener Eliminates Odor, Dust. Removes Smoke, Pet and Food Odor. Ionic Ozone Car Deodorizer (Matt Black)</p><p>$24.50</p><a href="https://www.amazon.com/dp/B07TB419F7?tag=eloabder-20&linkCode=osi&th=1&psc=1">View Product</a></div><div class="product"><a href="https://www.amazon.com/dp/B08C9LKKMM?tag=eloabder-20&linkCode=osi&th=1&psc=1"><img src="https://m.media-amazon.com/images/I/41uJDRzxfrL._SL500_.jpg" alt="Product Image"></a><p>4WDKING Car Air Purifier Ionizer, 12V Plug-in Car Air Freshener Gadgets with Dual USB Charger Removes Cigarette Smoke, Pet and Food Odor, Ionic Ozone (Black)</p><p>$22.99</p><a href="https://www.amazon.com/dp/B08C9LKKMM?tag=eloabder-20&linkCode=osi&th=1&psc=1">View Product</a></div><div class="product"><a href="https://www.amazon.com/dp/B07C7D366L?tag=eloabder-20&linkCode=osi&th=1&psc=1"><img src="https://m.media-amazon.com/images/I/51GvjMcOskL._SL500_.jpg" alt="Product Image"></a><p>Car Air Purifier Ionizer - 12V Plug-in Ionic Anti-Microbial Car Deodorizer with Dual USB Charger - Smoke Smell, Pet and Food Odors, Allergens, Viruses Eliminator for Car (Matte Silver)</p><p>$24.99</p><a href="https://www.amazon.com/dp/B07C7D366L?tag=eloabder-20&linkCode=osi&th=1&psc=1">View Product</a></div><div class="product"><a href="https://www.amazon.com/dp/B086H3FW7T?tag=eloabder-20&linkCode=osi&th=1&psc=1"><img src="https://m.media-amazon.com/images/I/51FfQTz4koL._SL500_.jpg" alt="Product Image"></a><p>bmbu 1000g Large Bamboo Charcoal Air Purifier Bag - Car Deodorizer/Car Freshener - Remove Odor and Control Moisture in Your RV, Camper, SUV, Car, Truck, Closet, Mobile Home, Storage - Non Fragrant</p><p>$22.99 ($0.65 / Ounce)</p><a href="https://www.amazon.com/dp/B086H3FW7T?tag=eloabder-20&linkCode=osi&th=1&psc=1">View Product</a></div><div class="product"><a href="https://www.amazon.com/dp/B019NXUJ5K?tag=eloabder-20&linkCode=osi&th=1&psc=1"><img src="https://m.media-amazon.com/images/I/31grLw6pdUL._SL500_.jpg" alt="Product Image"></a><p>PURGGO Car Air Freshener - Lasts 365+ Days No Chemicals 100% Activated Bamboo Charcoal Fragrance-Free Deodorizer, Natural Auto Odor Eliminator, Purifier, Neutralizer, Absorb Smoke Smell</p><p>$25.99</p><a href="https://www.amazon.com/dp/B019NXUJ5K?tag=eloabder-20&linkCode=osi&th=1&psc=1">View Product</a></div><div class="product"><a href="https://www.amazon.com/dp/B0CT5TBKH5?tag=eloabder-20&linkCode=osi&th=1&psc=1"><img src="https://m.media-amazon.com/images/I/41UB7n6FuwL._SL500_.jpg" alt="Product Image"></a><p>Timgle 1 Pack Car Air Freshener, Lasts 365+ Days, No Chemicals 100% Activated Bamboo Charcoal Fragrance, Free Deodorizer, Natural Auto Odor Eliminator, Purifier, Neutralizer (Khaki Strap)</p><p>$10.99</p><a href="https://www.amazon.com/dp/B0CT5TBKH5?tag=eloabder-20&linkCode=osi&th=1&psc=1">View Product</a></div><div class="product"><a href="https://www.amazon.com/dp/B00V4049K2?tag=eloabder-20&linkCode=osi&th=1&psc=1"><img src="https://m.media-amazon.com/images/I/51rLLMGOc6L._SL500_.jpg" alt="Product Image"></a><p>PURGGO Car Air Freshener - Auto Odor Eliminator - 100% Activated Bamboo Charcoal Air Purifier, Ionizer - Absorb and Remove Smoke Smell - Fragrance-Free Deodorizer - Lasts 365+ Days [Classic Beige]</p><p>$25.99</p><a href="https://www.amazon.com/dp/B00V4049K2?tag=eloabder-20&linkCode=osi&th=1&psc=1">View Product</a></div>








<div class="product"><a href="https://www.amazon.com/dp/B00RYGK12K?tag=eloabder-20&linkCode=osi&th=1&psc=1"><img src="https://m.media-amazon.com/images/I/51RdEyCkvuL._SL500_.jpg" alt="Product Image"></a><p>Little Trees Cardboard Hanging Car, Home & Office Air Freshener, Summer Linen (Pack of 12)</p><p>$11.82 ($0.98 / Count)</p><a href="https://www.amazon.com/dp/B00RYGK12K?tag=eloabder-20&linkCode=osi&th=1&psc=1">View Product</a></div><div class="product"><a href="https://www.amazon.com/dp/B00LM54ZD0?tag=eloabder-20&linkCode=osi&th=1&psc=1"><img src="https://m.media-amazon.com/images/I/41YuRNweefL._SL500_.jpg" alt="Product Image"></a><p>LITTLE TREES Air Fresheners Car Air Freshener. Hanging Tree Provides Long Lasting Scent for Auto or Home. Black Ice, 24 Air Fresheners</p><p>$20.19 ($0.84 / Count)</p><a href="https://www.amazon.com/dp/B00LM54ZD0?tag=eloabder-20&linkCode=osi&th=1&psc=1">View Product</a></div><div class="product"><a href="https://www.amazon.com/dp/B09BB4V1Y8?tag=eloabder-20&linkCode=osi&th=1&psc=1"><img src="https://m.media-amazon.com/images/I/51AKMdDLO-L._SL500_.jpg" alt="Product Image"></a><p>DRIVEJOY Car Air Freshener Vent Clips, 8 PK, 6 Ocean, 2 New Car Scent, Car Fresheners for Men Women, Up to 240 Days, Long Lasting Air Freshener for Car, Odor Eliminator</p><p>$9.98 ($9.60 / Fl Oz)</p><a href="https://www.amazon.com/dp/B09BB4V1Y8?tag=eloabder-20&linkCode=osi&th=1&psc=1">View Product</a></div><div class="product"><a href="https://www.amazon.com/dp/B078JWRLYT?tag=eloabder-20&linkCode=osi&th=1&psc=1"><img src="https://m.media-amazon.com/images/I/41shbIl-LEL._SL500_.jpg" alt="Product Image"></a><p>California Scents Air Freshener 4-Pack Car Air Freshener (Coronado Cherry)</p><p>$12.88 ($2.15 / Ounce)</p><a href="https://www.amazon.com/dp/B078JWRLYT?tag=eloabder-20&linkCode=osi&th=1&psc=1">View Product</a></div><div class="product"><a href="https://www.amazon.com/dp/B0CW4CJWW9?tag=eloabder-20&linkCode=osi&th=1&psc=1"><img src="https://m.media-amazon.com/images/I/417lKQ0MXPL._SL500_.jpg" alt="Product Image"></a><p>Karma, Essential Oil Air Freshener for Cars Set of 2, Home & Office - Colorful Decorative Hanging Air Freshener with Tassel, Buttercup Vanilla Scented</p><p>$8.40 ($4.20 / Count)</p><a href="https://www.amazon.com/dp/B0CW4CJWW9?tag=eloabder-20&linkCode=osi&th=1&psc=1">View Product</a></div><div class="product"><a href="https://www.amazon.com/dp/B00AYCXL2I?tag=eloabder-20&linkCode=osi&th=1&psc=1"><img src="https://m.media-amazon.com/images/I/5165h10nKbL._SL500_.jpg" alt="Product Image"></a><p>Febreze Car Air Fresheners, New Car Scent, Odor Eliminator for Strong Odors Car Vent Clips (2 Count)</p><p>$9.98 ($4.99 / Count)</p><a href="https://www.amazon.com/dp/B00AYCXL2I?tag=eloabder-20&linkCode=osi&th=1&psc=1">View Product</a></div><div class="product"><a href="https://www.amazon.com/dp/B01LZ0N1MJ?tag=eloabder-20&linkCode=osi&th=1&psc=1"><img src="https://m.media-amazon.com/images/I/41J5LJGof9L._SL500_.jpg" alt="Product Image"></a><p>LITTLE TREES Car Air Freshener | Hanging Paper Tree for Home or Car | New Car Scent | 12 Pack</p><p>$11.70 ($0.98 / Count)</p><a href="https://www.amazon.com/dp/B01LZ0N1MJ?tag=eloabder-20&linkCode=osi&th=1&psc=1">View Product</a></div><div class="product"><a href="https://www.amazon.com/dp/B0C2Q2VGPZ?tag=eloabder-20&linkCode=osi&th=1&psc=1"><img src="https://m.media-amazon.com/images/I/413gckSL1EL._SL500_.jpg" alt="Product Image"></a><p>Savage Disposable Card Freshener for Men | Car Scents Air Freshener with Sauvage Fragrance | Strong Car Perfume Air Freshener with Odour Eliminating Technology | Suvage by Perfa</p><p>$6.99</p><a href="https://www.amazon.com/dp/B0C2Q2VGPZ?tag=eloabder-20&linkCode=osi&th=1&psc=1">View Product</a></div>




<div class="product"><a href="https://www.amazon.com/dp/B0D464228M?tag=eloabder-20&linkCode=osi&th=1&psc=1"><img src="https://m.media-amazon.com/images/I/315VtBe9l-L._SL500_.jpg" alt="Product Image"></a><p>Drift Car Air Freshener - Wood Air Freshener - Car Odor Eliminator - Open Air Scent Starter Kit</p><p>$11.95</p><a href="https://www.amazon.com/dp/B0D464228M?tag=eloabder-20&linkCode=osi&th=1&psc=1">View Product</a></div>
<div class="product"><a href="https://www.amazon.com/dp/B071HR14SJ?tag=eloabder-20&linkCode=osi&th=1&psc=1"><img src="https://m.media-amazon.com/images/I/41crypCefDL._SL500_.jpg" alt="Product Image"></a><p>Meguiar's Gold Class Car Wash Soap, Ultra-Rich Car Wash Soap and Conditioner for Car Cleaning, Car Wash Soap to Clean and Condition in One Easy Step, 1 Gallon Car Wash Soap</p><p>$24.99 ($0.20 / Ounce)</p><a href="https://www.amazon.com/dp/B071HR14SJ?tag=eloabder-20&linkCode=osi&th=1&psc=1">View Product</a></div><div class="product"><a href="https://www.amazon.com/dp/B085R9L9Q9?tag=eloabder-20&linkCode=osi&th=1&psc=1"><img src="https://m.media-amazon.com/images/I/41tAv1FNbZL._SL500_.jpg" alt="Product Image"></a><p>Armor All Extreme Shield Protectant Spray , Interior Car Cleaner with UV Protection Against Cracking and Fading, 16 Fl Oz</p><p>$8.98 ($0.56 / Fl Oz)</p><a href="https://www.amazon.com/dp/B085R9L9Q9?tag=eloabder-20&linkCode=osi&th=1&psc=1">View Product</a></div><div class="product"><a href="https://www.amazon.com/dp/B016NA9Y4S?tag=eloabder-20&linkCode=osi&th=1&psc=1"><img src="https://m.media-amazon.com/images/I/31oz8VJFdjL._SL500_.jpg" alt="Product Image"></a><p>Rain-X 5079281-2 Latitude 2-In-1 Wiper Blades, 26 Inch Windshield Wipers (Pack Of 1), Automotive Replacement Windshield Wiper Blades With Patented Rain-X Water Repellency Formula</p><p>$17.08</p><a href="https://www.amazon.com/dp/B016NA9Y4S?tag=eloabder-20&linkCode=osi&th=1&psc=1">View Product</a></div><div class="product"><a href="https://www.amazon.com/dp/B0D2PCCJVK?tag=eloabder-20&linkCode=osi&th=1&psc=1"><img src="https://m.media-amazon.com/images/I/41BFT-c3a9L._SL500_.jpg" alt="Product Image"></a><p>HoogaLife Car Air Freshener Diffuser – Revitalize Your Drive with Hanging Air Freshener Diffuser Aromatic Bliss On The Go(VANILLA CREAM)</p><p>$12.99 ($24.06 / Fl Oz)</p><a href="https://www.amazon.com/dp/B0D2PCCJVK?tag=eloabder-20&linkCode=osi&th=1&psc=1">View Product</a></div><div class="product"><a href="https://www.amazon.com/dp/B0D17SKCLF?tag=eloabder-20&linkCode=osi&th=1&psc=1"><img src="https://m.media-amazon.com/images/I/51VjaK8JNmL._SL500_.jpg" alt="Product Image"></a><p>AIDEA Car Wash Mitt Microfiber, 1PK-Scratch-Free& Lint-Free, Premium Chenille Microfiber Wash Mitt-Green Regular Size (7.12''X10.14'')</p><p>$5.99</p><a href="https://www.amazon.com/dp/B0D17SKCLF?tag=eloabder-20&linkCode=osi&th=1&psc=1">View Product</a></div>








<div class="product"><a href="https://www.amazon.com/dp/B00UZE8D00?tag=eloabder-20&linkCode=osi&th=1&psc=1"><img src="https://m.media-amazon.com/images/I/517VVkgvgcL._SL500_.jpg" alt="Product Image"></a><p>Chemical Guys HOL_996 Convertible Top Cleaner and Protectant Kit, 16 oz, 2 Items</p><p>$29.99</p><a href="https://www.amazon.com/dp/B00UZE8D00?tag=eloabder-20&linkCode=osi&th=1&psc=1">View Product</a></div><div class="product"><a href="https://www.amazon.com/dp/B004HCS4NW?tag=eloabder-20&linkCode=osi&th=1&psc=1"><img src="https://m.media-amazon.com/images/I/41j5b6xRqNL._SL500_.jpg" alt="Product Image"></a><p>Meguiar's Convertible Top Cleaner - Fabric Convertible Top Cleaner and Vinyl Convertible Top Cleaner in One Advanced Formula - Safely Removes Stains, Mildew, Bird Droppings, and More, 16 Oz</p><p>$6.87 ($0.43 / Ounce)</p><a href="https://www.amazon.com/dp/B004HCS4NW?tag=eloabder-20&linkCode=osi&th=1&psc=1">View Product</a></div><div class="product"><a href="https://www.amazon.com/dp/B00UZE80N0?tag=eloabder-20&linkCode=osi&th=1&psc=1"><img src="https://m.media-amazon.com/images/I/31FG83SK9SL._SL500_.jpg" alt="Product Image"></a><p>Chemical Guys SPI_193_16 Convertible Top Protectant and Repellent, (Helps Prevent Fading & Discoloration on Fabric Sot Tops) 16 fl oz (Packaging May Vary)</p><p>$19.99 ($1.25 / Fl Oz)</p><a href="https://www.amazon.com/dp/B00UZE80N0?tag=eloabder-20&linkCode=osi&th=1&psc=1">View Product</a></div><div class="product"><a href="https://www.amazon.com/dp/B00UZE8C1A?tag=eloabder-20&linkCode=osi&th=1&psc=1"><img src="https://m.media-amazon.com/images/I/31aLnXKZxfL._SL500_.jpg" alt="Product Image"></a><p>Chemical Guys ACC_S94 Convertible Top Horse Hair Cleaning Brush, Safe for Cloth Soft Tops, Upholstery, Leather, Furniture, & More</p><p>$14.99</p><a href="https://www.amazon.com/dp/B00UZE8C1A?tag=eloabder-20&linkCode=osi&th=1&psc=1">View Product</a></div><div class="product"><a href="https://www.amazon.com/dp/B000A8JNF0?tag=eloabder-20&linkCode=osi&th=1&psc=1"><img src="https://m.media-amazon.com/images/I/51PLChiVIrL._SL500_.jpg" alt="Product Image"></a><p>303 Products Convertible Fabric Top Cleaning and Care Kit - Cleans And Protects Fabric Tops - Includes Tonneau Cover And Convertible Top Cleaner 16 fl. oz. + Fabric Guard, (30520)</p><p>$32.79 ($1.02 / Fl Oz)</p><a href="https://www.amazon.com/dp/B000A8JNF0?tag=eloabder-20&linkCode=osi&th=1&psc=1">View Product</a></div>
<div class="product"><a href="https://www.amazon.com/dp/B0BCQ1XMWV?tag=eloabder-20&linkCode=osi&th=1&psc=1"><img src="https://m.media-amazon.com/images/I/41lV6Au-S9L._SL500_.jpg" alt="Product Image"></a><p>EMITHSUN® Windshield Wiper Blades Replacement for Honda Civic Coupe 2 Door 2005-2011,That Meet OEM Quality Front Wipers Blade Set for My Car-28"+24"(Set of 2)</p><p>$19.99</p><a href="https://www.amazon.com/dp/B0BCQ1XMWV?tag=eloabder-20&linkCode=osi&th=1&psc=1">View Product</a></div>
<div class="product"><a href="https://www.amazon.com/dp/B00I8ITVZG?tag=eloabder-20&linkCode=osi&th=1&psc=1"><img src="https://m.media-amazon.com/images/I/41TXd564pcL._SL500_.jpg" alt="Product Image"></a><p>ECOGARD XC36067 Premium Cabin Air Filter Fits Hyundai Genesis 2009-2016, Equus 2011-2016 | Genesis G80 2017-2021, G90 2019-2021, GV80 2021 | Kia K900 2020</p><p>$10.98</p><a href="https://www.amazon.com/dp/B00I8ITVZG?tag=eloabder-20&linkCode=osi&th=1&psc=1">View Product</a></div>

<div class="product"><a href="https://www.amazon.com/dp/B097C3NCP1?tag=eloabder-20&linkCode=osi&th=1&psc=1"><img src="https://m.media-amazon.com/images/I/41GXST2+s6L._SL500_.jpg" alt="Product Image"></a><p>Raidbee 12 inch Rear Wiper Blade Replacement for Toyota Corolla Hatchback 2022-2019, Nissan Versa 2019-2014 Back Windshield Wiper (H306/12-B)</p><p>$6.99</p><a href="https://www.amazon.com/dp/B097C3NCP1?tag=eloabder-20&linkCode=osi&th=1&psc=1">View Product</a></div>



<div class="product"><a href="https://www.amazon.com/dp/B0CQ4MLKHJ?tag=eloabder-20&linkCode=osi&th=1&psc=1"><img src="https://m.media-amazon.com/images/I/519f8covwQL._SL500_.jpg" alt="Product Image"></a><p>Feetiger All-in-1 Fire Extinguisher for Home, Kitchen, Car, Garage, RV, Truck, Boat, Camping, Fire Spray that Tackles Multiple Types of Fire, 2pack</p><p>$39.99</p><a href="https://www.amazon.com/dp/B0CQ4MLKHJ?tag=eloabder-20&linkCode=osi&th=1&psc=1">View Product</a></div>
<div class="product"><a href="https://www.amazon.com/dp/B07TS4JV6H?tag=eloabder-20&linkCode=osi&th=1&psc=1"><img src="https://m.media-amazon.com/images/I/412htpDd6fL._SL500_.jpg" alt="Product Image"></a><p>Police Flag Air Freshener, New Car Scent, 6-Pack</p><p>$9.99 ($1.66 / Count)</p><a href="https://www.amazon.com/dp/B07TS4JV6H?tag=eloabder-20&linkCode=osi&th=1&psc=1">View Product</a></div>


<div class="product"><a href="https://www.amazon.com/dp/B009EU5ZNO?tag=eloabder-20&linkCode=osi&th=1&psc=1"><img src="https://m.media-amazon.com/images/I/515MJLZbnoL._SL500_.jpg" alt="Product Image"></a><p>J-B Weld 50133 Plastic Bonder Structural Adhesive Syringe - Tan - 25 ml</p><p>$6.98 ($8.21 / Fl Oz)</p><a href="https://www.amazon.com/dp/B009EU5ZNO?tag=eloabder-20&linkCode=osi&th=1&psc=1">View Product</a></div>



<div class="product"><a href="https://www.amazon.com/dp/B09P6YZP72?tag=eloabder-20&linkCode=osi&th=1&psc=1"><img src="https://m.media-amazon.com/images/I/416rlvu+ayL._SL500_.jpg" alt="Product Image"></a><p>AUTOBOO 26"+20" Windshield Wipers with 16" Rear Wiper Blade Replacement for Dodge Grand Caravan 2008-2012 2013 2014 2015 2016 2017 2018 2019 -Original Factory Quality (Pack of 3)</p><p>$23.99</p><a href="https://www.amazon.com/dp/B09P6YZP72?tag=eloabder-20&linkCode=osi&th=1&psc=1">View Product</a></div><div class="product"><a href="https://www.amazon.com/dp/B0BLYQBDS8?tag=eloabder-20&linkCode=osi&th=1&psc=1"><img src="https://m.media-amazon.com/images/I/51SbpSR2zBL._SL500_.jpg" alt="Product Image"></a><p>A-Premium Engine Air Filter Compatible with Chrysler Town & Country & Dodge Grand Caravan & Ram C/V & Volkswagen Routan, 2011-2020, Flexible Panel, Replace# 4861737AA</p><p>$12.99</p><a href="https://www.amazon.com/dp/B0BLYQBDS8?tag=eloabder-20&linkCode=osi&th=1&psc=1">View Product</a></div>
<div class="product"><a href="https://www.amazon.com/dp/B001FCB4JS?tag=eloabder-20&linkCode=osi&th=1&psc=1"><img src="https://m.media-amazon.com/images/I/21wq6fxqiVL._SL500_.jpg" alt="Product Image"></a><p>Dicor BT-1834-1 Butyl Seal Tape - 1/8" x 3/4" x 30' Repair Tape for RV, Trailer, Motorhome, Window, and Vent Sealing</p><p>$13.15 ($0.44 / Foot)</p><a href="https://www.amazon.com/dp/B001FCB4JS?tag=eloabder-20&linkCode=osi&th=1&psc=1">View Product</a></div>
<div class="product"><a href="https://www.amazon.com/dp/B000BUQOD6?tag=eloabder-20&linkCode=osi&th=1&psc=1"><img src="https://m.media-amazon.com/images/I/41O0CoP1L3L._SL500_.jpg" alt="Product Image"></a><p>Camco Camper/RV Toilet Paper | Sewer-Safe, Septic-Safe & Biodegradable | Designed for Camper, Trailer & Marine Sanitation Systems | 1-Ply Tissue | 4 Toilet Paper Rolls – 280 Sheets per Roll (40275)</p><p>$5.99 ($2.14 / 100 Sheets)</p><a href="https://www.amazon.com/dp/B000BUQOD6?tag=eloabder-20&linkCode=osi&th=1&psc=1">View Product</a></div><div class="product"><a href="https://www.amazon.com/dp/B007JG1W1E?tag=eloabder-20&linkCode=osi&th=1&psc=1"><img src="https://m.media-amazon.com/images/I/41i-j99E9ML._SL500_.jpg" alt="Product Image"></a><p>Camco TST Camper / RV Grey Water Odor Control - Removes Grease Buildup in Gray Water Tank, Sink & Shower Drains - 4oz Treats 40-Gal Holding Tank - Safe Septic Tank Treatment - Lemon, 64 oz (40256)</p><p>$19.94 ($0.31 / Fl Oz)</p><a href="https://www.amazon.com/dp/B007JG1W1E?tag=eloabder-20&linkCode=osi&th=1&psc=1">View Product</a></div><div class="product"><a href="https://www.amazon.com/dp/B016V2OSD0?tag=eloabder-20&linkCode=osi&th=1&psc=1"><img src="https://m.media-amazon.com/images/I/31Jm99RYVXL._SL500_.jpg" alt="Product Image"></a><p>Camco TST MAX RV Toilet Treatment Drop-INs | Control Unwanted Odors and Break Down Waste and Tissue | Septic Tank Safe | Lavender Scent | 15-pack (41559)</p><p>$11.97 ($0.80 / Count)</p><a href="https://www.amazon.com/dp/B016V2OSD0?tag=eloabder-20&linkCode=osi&th=1&psc=1">View Product</a></div>






<div class="product"><a href="https://www.amazon.com/dp/B006GJYOL0?tag=eloabder-20&linkCode=osi&th=1&psc=1"><img src="https://m.media-amazon.com/images/I/41YPjiCzDfL._SL500_.jpg" alt="Product Image"></a><p>Boat Bling HS-0128 Hot Sauce Hard Water Spot Remover, Gallon Refill, for Boats, RVs, Powersport Vehicles and More, Black,1 Gallon</p><p>$54.95 ($0.43 / Fl Oz)</p><a href="https://www.amazon.com/dp/B006GJYOL0?tag=eloabder-20&linkCode=osi&th=1&psc=1">View Product</a></div><div class="product"><a href="https://www.amazon.com/dp/B0000AXVCB?tag=eloabder-20&linkCode=osi&th=1&psc=1"><img src="https://m.media-amazon.com/images/I/51gtsDb7zDL._SL500_.jpg" alt="Product Image"></a><p>Meguiar's M4364 Marine/RV Boat Wash - 64 Oz Container</p><p>$13.99 ($0.22 / Fl Oz)</p><a href="https://www.amazon.com/dp/B0000AXVCB?tag=eloabder-20&linkCode=osi&th=1&psc=1">View Product</a></div><div class="product"><a href="https://www.amazon.com/dp/B0007TR47G?tag=eloabder-20&linkCode=osi&th=1&psc=1"><img src="https://m.media-amazon.com/images/I/41Q4SzlVojL._SL500_.jpg" alt="Product Image"></a><p>Meguiar's Flagship Premium Marine Wax, Boat Polish and Oxidation Remover - 32 Oz Bottle</p><p>$21.49</p><a href="https://www.amazon.com/dp/B0007TR47G?tag=eloabder-20&linkCode=osi&th=1&psc=1">View Product</a></div><div class="product"><a href="https://www.amazon.com/dp/B006GJYLFY?tag=eloabder-20&linkCode=osi&th=1&psc=1"><img src="https://m.media-amazon.com/images/I/31G78TSjssL._SL500_.jpg" alt="Product Image"></a><p>Boat Bling Condition Sauce Premium Interior Moisturizer w/UV Protection, 32 oz.</p><p>$27.95</p><a href="https://www.amazon.com/dp/B006GJYLFY?tag=eloabder-20&linkCode=osi&th=1&psc=1">View Product</a></div><div class="product"><a href="https://www.amazon.com/dp/B006GJYKWI?tag=eloabder-20&linkCode=osi&th=1&psc=1"><img src="https://m.media-amazon.com/images/I/41AcDanNz-L._SL500_.jpg" alt="Product Image"></a><p>Boat Bling VS-0032 Vinyl Sauce Premium Vinyl and Leather Cleaner, 32 Oz., for Boats, RVs, Powersport Vehicles and More</p><p>$22.95 ($0.72 / Fl Oz)</p><a href="https://www.amazon.com/dp/B006GJYKWI?tag=eloabder-20&linkCode=osi&th=1&psc=1">View Product</a></div>
<div class="product"><a href="https://www.amazon.com/dp/B004OJTEKK?tag=eloabder-20&linkCode=osi&th=1&psc=1"><img src="https://m.media-amazon.com/images/I/41q8kkNiKOL._SL500_.jpg" alt="Product Image"></a><p>Shurhold Yacht Brite YBP-0302 Brite Wash - 1 Gallon</p><p>$23.97 ($0.19 / Fl Oz)</p><a href="https://www.amazon.com/dp/B004OJTEKK?tag=eloabder-20&linkCode=osi&th=1&psc=1">View Product</a></div>




<div class="product"><a href="https://www.amazon.com/dp/B0B2RDZNZB?tag=eloabder-20&linkCode=osi&th=1&psc=1"><img src="https://m.media-amazon.com/images/I/51RVSUoRuGL._SL500_.jpg" alt="Product Image"></a><p>Fancemot Helicopter Car Air Fresheners Rotating Solar Car Fresheners Airplane Car Perfume (Osmanthus & Vanilla)</p><p>$14.08</p><a href="https://www.amazon.com/dp/B0B2RDZNZB?tag=eloabder-20&linkCode=osi&th=1&psc=1">View Product</a></div><div class="product"><a href="https://www.amazon.com/dp/B0994PG1ZD?tag=eloabder-20&linkCode=osi&th=1&psc=1"><img src="https://m.media-amazon.com/images/I/413er0A8cVS._SL500_.jpg" alt="Product Image"></a><p>NICEADA Car Air Freshener, Helicopter Solar Energy Rotating Aromatherapy Aviation Al Alloy Diffuser, Interior Decoration Accessories Diffuser for Car and Home (Silver)</p><p>$23.99</p><a href="https://www.amazon.com/dp/B0994PG1ZD?tag=eloabder-20&linkCode=osi&th=1&psc=1">View Product</a></div><div class="product"><a href="https://www.amazon.com/dp/B09ZTMZKSJ?tag=eloabder-20&linkCode=osi&th=1&psc=1"><img src="https://m.media-amazon.com/images/I/41rz5PydC9L._SL500_.jpg" alt="Product Image"></a><p>Air Freshener, Gigicloud Car Fragrance Diffuser Solar Rotating Automotive Air Fresheners Ornament Helicopter Shape Solid Aromatherapy Decoration for Car and Home (Black)</p><p>$15.49</p><a href="https://www.amazon.com/dp/B09ZTMZKSJ?tag=eloabder-20&linkCode=osi&th=1&psc=1">View Product</a></div><div class="product"><a href="https://www.amazon.com/dp/B0CWNNPCD3?tag=eloabder-20&linkCode=osi&th=1&psc=1"><img src="https://m.media-amazon.com/images/I/51nznnJJhfL._SL500_.jpg" alt="Product Image"></a><p>Car Air Freshener Diffuser, KaiDengZhe 1PCS Helicopter Solar Energy Rotating Aromatherapy Aviation Al Alloy Diffuser, Car Diffuser for Essential Oils, Relieve Stress and Purifie Odors for Car and Home</p><p>$15.99</p><a href="https://www.amazon.com/dp/B0CWNNPCD3?tag=eloabder-20&linkCode=osi&th=1&psc=1">View Product</a></div><div class="product"><a href="https://www.amazon.com/dp/B0B8T47G65?tag=eloabder-20&linkCode=osi&th=1&psc=1"><img src="https://m.media-amazon.com/images/I/41d6cgVheqL._SL500_.jpg" alt="Product Image"></a><p>Joyfunky Car Air Fresheners with Solar Rotating, Creative Car Perfume Decoration, Relieve Stress and Purifie Odors, Use at Car, office and Home, Silver</p><p>$12.99</p><a href="https://www.amazon.com/dp/B0B8T47G65?tag=eloabder-20&linkCode=osi&th=1&psc=1">View Product</a></div><div class="product"><a href="https://www.amazon.com/dp/B0D4ZHJVK8?tag=eloabder-20&linkCode=osi&th=1&psc=1"><img src="https://m.media-amazon.com/images/I/41sEhsjtb4L._SL500_.jpg" alt="Product Image"></a><p>NICEADA Helicopter Solar Car Air Freshener Refill Set, Solar Essential Oil Refill Perfume Oil for Car Air Fresheners(4 Packs)</p><p>$21.99 ($24.99 / Fl Oz)</p><a href="https://www.amazon.com/dp/B0D4ZHJVK8?tag=eloabder-20&linkCode=osi&th=1&psc=1">View Product</a></div><div class="product"><a href="https://www.amazon.com/dp/B0D251XW47?tag=eloabder-20&linkCode=osi&th=1&psc=1"><img src="https://m.media-amazon.com/images/I/41x6lmNq9fL._SL500_.jpg" alt="Product Image"></a><p>Helicopter Car Air Fresheners with Solar Rotating, Creative Car Perfume Decoration, Car Airplane Fragrance Diffuser for Car, Home, Office (Silver)</p><p>$13.09</p><a href="https://www.amazon.com/dp/B0D251XW47?tag=eloabder-20&linkCode=osi&th=1&psc=1">View Product</a></div>

<div class="product"><a href="https://www.amazon.com/dp/B0D4154TQG?tag=eloabder-20&linkCode=osi&th=1&psc=1"><img src="https://m.media-amazon.com/images/I/217Iw-nO3UL._SL500_.jpg" alt="Product Image"></a><p>RV Curtain Glide Tape A115, 1/2 Inch Glides Clear RV Curtain Strip Curtain Slide Tape 72 Inches Long Use with Ceiling or Wall Mount Curtain Track A201 A202 (2 Pack)</p><p>$17.99</p><a href="https://www.amazon.com/dp/B0D4154TQG?tag=eloabder-20&linkCode=osi&th=1&psc=1">View Product</a></div>
<div class="product"><a href="https://www.amazon.com/dp/B08W4PQN8L?tag=eloabder-20&linkCode=osi&th=1&psc=1"><img src="https://m.media-amazon.com/images/I/41udmrd6QTL._SL500_.jpg" alt="Product Image"></a><p>Hot Air Balloon Novelty Air Freshener for Car - Sandalwood Scented Automotive Accessory New Mexico Souvenir Gift (Pack of 4)</p><p>$7.99 ($2.00 / Count)</p><a href="https://www.amazon.com/dp/B08W4PQN8L?tag=eloabder-20&linkCode=osi&th=1&psc=1">View Product</a></div>















<div class="product"><a href="https://www.amazon.com/dp/B0CP87K2VD?tag=eloabder-20&linkCode=osi&th=1&psc=1"><img src="https://m.media-amazon.com/images/I/41dTH4OPkcL._SL500_.jpg" alt="Product Image"></a><p>For harley air cleaner filter Touring street glide road king electra tri trike Dyna Sportster XL 883 1200 Softail air intake (Drift style -Contrast Cut, C-For Touring 08-16, Softail 16-17)</p><p>$125.00</p><a href="https://www.amazon.com/dp/B0CP87K2VD?tag=eloabder-20&linkCode=osi&th=1&psc=1">View Product</a></div><div class="product"><a href="https://www.amazon.com/dp/B08DNLNY3G?tag=eloabder-20&linkCode=osi&th=1&psc=1"><img src="https://m.media-amazon.com/images/I/51baNj3o8CL._SL500_.jpg" alt="Product Image"></a><p>2963308 HD1508 Ultra Classic Air Filter Cleaner for 2008-2014 Harley Davidson Street Glide, Electra Glide, Road King, Road Glide Custom, Ultra Classic and other select models HD-1508</p><p>$21.99</p><a href="https://www.amazon.com/dp/B08DNLNY3G?tag=eloabder-20&linkCode=osi&th=1&psc=1">View Product</a></div><div class="product"><a href="https://www.amazon.com/dp/B0CQ2KKC3N?tag=eloabder-20&linkCode=osi&th=1&psc=1"><img src="https://m.media-amazon.com/images/I/31W2a0gAwIL._SL500_.jpg" alt="Product Image"></a><p>High-Flo Replacement Air Filter Element For Ventilator - Milwaukee-Eight Engine '18-later Softail and '17-later Touring and Trike Models Equipped with 114 Air Cleaner</p><p>$39.99</p><a href="https://www.amazon.com/dp/B0CQ2KKC3N?tag=eloabder-20&linkCode=osi&th=1&psc=1">View Product</a></div><div class="product"><a href="https://www.amazon.com/dp/B0CPJ5BSGM?tag=eloabder-20&linkCode=osi&th=1&psc=1"><img src="https://m.media-amazon.com/images/I/41cUadnGKpL._SL500_.jpg" alt="Product Image"></a><p>For harley air cleaner filter sportster street road glide king for harley davidson motorcycle air intake (Nake style -Black, A-For Sportster XL models)</p><p>$169.00</p><a href="https://www.amazon.com/dp/B0CPJ5BSGM?tag=eloabder-20&linkCode=osi&th=1&psc=1">View Product</a></div><div class="product"><a href="https://www.amazon.com/dp/B0CR17NS1M?tag=eloabder-20&linkCode=osi&th=1&psc=1"><img src="https://m.media-amazon.com/images/I/41n57oM0A-L._SL500_.jpg" alt="Product Image"></a><p>For harley air cleaner filter Sportster Softail Touring street road king glide Dyna for harley davidson air intake filters (Speed 7 style -gray filter, C-For Touring 08-16, Softail 16-17)</p><p>$89.00</p><a href="https://www.amazon.com/dp/B0CR17NS1M?tag=eloabder-20&linkCode=osi&th=1&psc=1">View Product</a></div><div class="product"><a href="https://www.amazon.com/dp/B0CR167HDN?tag=eloabder-20&linkCode=osi&th=1&psc=1"><img src="https://m.media-amazon.com/images/I/41o4byfzbRL._SL500_.jpg" alt="Product Image"></a><p>For harley davidson air cleaner filter sportster Touring street glide road king electra Dyna Softail motorcycle air intake (Chromed- gray filter, C-For Touring 2008-2016)</p><p>$99.00</p><a href="https://www.amazon.com/dp/B0CR167HDN?tag=eloabder-20&linkCode=osi&th=1&psc=1">View Product</a></div>







<div class="product"><a href="https://www.amazon.com/dp/B08WH8CWDM?tag=eloabder-20&linkCode=osi&th=1&psc=1"><img src="https://m.media-amazon.com/images/I/41Jj3ouB+1L._SL500_.jpg" alt="Product Image"></a><p>Glaze 'N Seal Color Enhancer Paver Sealer, 1 Gallon (923)</p><p>$62.99</p><a href="https://www.amazon.com/dp/B08WH8CWDM?tag=eloabder-20&linkCode=osi&th=1&psc=1">View Product</a></div>

<div class="product"><a href="https://www.amazon.com/dp/B0B58G8WRX?tag=eloabder-20&linkCode=osi&th=1&psc=1"><img src="https://m.media-amazon.com/images/I/41hjxJMTGJL._SL500_.jpg" alt="Product Image"></a><p>Solarhome Air Filter 333-D2696 333D2696 Compatible with JCB Backhoe Loader 3CX 4CX Telehandler 531-70</p><p>$34.50</p><a href="https://www.amazon.com/dp/B0B58G8WRX?tag=eloabder-20&linkCode=osi&th=1&psc=1">View Product</a></div>




<div class="product"><a href="https://www.amazon.com/dp/B07G7XG6BV?tag=eloabder-20&linkCode=osi&th=1&psc=1"><img src="https://m.media-amazon.com/images/I/510tZGutn6L._SL500_.jpg" alt="Product Image"></a><p>Holikme 6Pack Cleaning Brush Power Scrubber Cleaning Brush Extended Long Attachment Set All Purpose Scrub Brushes Kit for Grout, Floor, Tub, Shower, Tile, Bathroom,Car Cleaning Brush，Yellow</p><p>$6.95</p><a href="https://www.amazon.com/dp/B07G7XG6BV?tag=eloabder-20&linkCode=osi&th=1&psc=1">View Product</a></div>



<div class="product"><a href="https://www.amazon.com/dp/B000FW2NWQ?tag=eloabder-20&linkCode=osi&th=1&psc=1"><img src="https://m.media-amazon.com/images/I/31VlBDw7uDL._SL500_.jpg" alt="Product Image"></a><p>Performance Tool W233 12-Inch Long Reach Extension Scraper with 3pc Double Edged Plastic Razor Scraper Blades and 3pc Carbon Steel Razor Scraper Blades</p><p>$10.31</p><a href="https://www.amazon.com/dp/B000FW2NWQ?tag=eloabder-20&linkCode=osi&th=1&psc=1">View Product</a></div>
<div class="product"><a href="https://www.amazon.com/dp/B0BV2CQ5SW?tag=eloabder-20&linkCode=osi&th=1&psc=1"><img src="https://m.media-amazon.com/images/I/51VkTDjGg4L._SL500_.jpg" alt="Product Image"></a><p>Filterelated Mixed Bed Deionized Di Resin Filter Fill, Suitable For Spotless Car Wash System Filter Change, Tds Filter, Aquarium Filter, Deionized Car Wash,5 Liters</p><p>$49.99</p><a href="https://www.amazon.com/dp/B0BV2CQ5SW?tag=eloabder-20&linkCode=osi&th=1&psc=1">View Product</a></div><div class="product"><a href="https://www.amazon.com/dp/B01MRVQ9UE?tag=eloabder-20&linkCode=osi&th=1&psc=1"><img src="https://m.media-amazon.com/images/I/51+i6fjU6tL._SL500_.jpg" alt="Product Image"></a><p>Husqvarna XP Pre-Mixed Fuel and Engine Oil Quart (3 Pack),Blue</p><p>$32.99 ($0.34 / Count)</p><a href="https://www.amazon.com/dp/B01MRVQ9UE?tag=eloabder-20&linkCode=osi&th=1&psc=1">View Product</a></div>




<div class="product"><a href="https://www.amazon.com/dp/B01N2G2NEJ?tag=eloabder-20&linkCode=osi&th=1&psc=1"><img src="https://m.media-amazon.com/images/I/41-5g4zEDpL._SL500_.jpg" alt="Product Image"></a><p>Chemical Guys SPI10816 Heavy Duty Water Spot Remover, Safe for Cars, Trucks, Motorcycles, RVs & More, 16 fl oz</p><p>$17.97 ($1.12 / Fl Oz)</p><a href="https://www.amazon.com/dp/B01N2G2NEJ?tag=eloabder-20&linkCode=osi&th=1&psc=1">View Product</a></div>









<div class="product"><a href="https://www.amazon.com/dp/B08YRVH2QV?tag=eloabder-20&linkCode=osi&th=1&psc=1"><img src="https://m.media-amazon.com/images/I/5164O-Jr2QL._SL500_.jpg" alt="Product Image"></a><p>Thetford AquaMAX Summer Cypress Scent RV Holding Tank Treatment, Formaldehyde Free, Waste Digester, Septic Tank Safe, 5 Gallon Bottle (96754)</p><p>$248.18</p><a href="https://www.amazon.com/dp/B08YRVH2QV?tag=eloabder-20&linkCode=osi&th=1&psc=1">View Product</a></div><div class="product"><a href="https://www.amazon.com/dp/B0BPMW7485?tag=eloabder-20&linkCode=osi&th=1&psc=1"><img src="https://m.media-amazon.com/images/I/51WNuQeew7L._SL500_.jpg" alt="Product Image"></a><p>XFasten Butyl Tape Black 1/2” x 30’ x 1/8" Butyl Sealant Tape Headlight Sealant Putty Tape | Black Butyl Caulking Tape | Butyl Tape RV Putty Tape EPDM Automotive Butyl Rubber Window Sealant for RV</p><p>$13.99 ($0.47 / Foot)</p><a href="https://www.amazon.com/dp/B0BPMW7485?tag=eloabder-20&linkCode=osi&th=1&psc=1">View Product</a></div>
<div class="product"><a href="https://www.amazon.com/dp/B006DXWZQU?tag=eloabder-20&linkCode=osi&th=1&psc=1"><img src="https://m.media-amazon.com/images/I/41wtqfFFfQL._SL500_.jpg" alt="Product Image"></a><p>FRAM Ultra Synthetic Automotive Replacement Oil Filter, Designed for Synthetic Oil Changes Lasting up to 20k Miles, XG10575 with SureGrip (Pack of 1)</p><p>$10.79</p><a href="https://www.amazon.com/dp/B006DXWZQU?tag=eloabder-20&linkCode=osi&th=1&psc=1">View Product</a></div><div class="product"><a href="https://www.amazon.com/dp/B01LH7L0XA?tag=eloabder-20&linkCode=osi&th=1&psc=1"><img src="https://m.media-amazon.com/images/I/41yD3QmbyZL._SL500_.jpg" alt="Product Image"></a><p>Shell Rotella T4 Triple Protection Conventional 15W-40 Diesel Engine Oil (1-Gallon, Single Pack)</p><p>$15.98 ($0.12 / Fl Oz)</p><a href="https://www.amazon.com/dp/B01LH7L0XA?tag=eloabder-20&linkCode=osi&th=1&psc=1">View Product</a></div><div class="product"><a href="https://www.amazon.com/dp/B00ICSWGJ0?tag=eloabder-20&linkCode=osi&th=1&psc=1"><img src="https://m.media-amazon.com/images/I/41Ahz5dVc5L._SL500_.jpg" alt="Product Image"></a><p>Castrol Edge 5W-30 Advanced Full Synthetic Motor Oil, 5 Quarts</p><p>$24.72 ($0.15 / Fl Oz)</p><a href="https://www.amazon.com/dp/B00ICSWGJ0?tag=eloabder-20&linkCode=osi&th=1&psc=1">View Product</a></div><div class="product"><a href="https://www.amazon.com/dp/B01N8RPDT8?tag=eloabder-20&linkCode=osi&th=1&psc=1"><img src="https://m.media-amazon.com/images/I/41Qm+9e8sCL._SL500_.jpg" alt="Product Image"></a><p>Motorcraft - Oil - Engine (XO10W305Q3SD)</p><p>$32.27</p><a href="https://www.amazon.com/dp/B01N8RPDT8?tag=eloabder-20&linkCode=osi&th=1&psc=1">View Product</a></div>
<div class="product"><a href="https://www.amazon.com/dp/B07FTRZLM5?tag=eloabder-20&linkCode=osi&th=1&psc=1"><img src="https://m.media-amazon.com/images/I/416uoNYOsXL._SL500_.jpg" alt="Product Image"></a><p>Chemical Guys HOL126 14-Piece Arsenal Builder Car Wash Kit with Foam Gun, Bucket, and (5) 16 oz Car Care Cleaning Chemicals, Gift for Car & Truck Lovers, Dads and DIYers (Works w/Garden Hose)</p><p>$119.99</p><a href="https://www.amazon.com/dp/B07FTRZLM5?tag=eloabder-20&linkCode=osi&th=1&psc=1">View Product</a></div><div class="product"><a href="https://www.amazon.com/dp/B0741RL23Q?tag=eloabder-20&linkCode=osi&th=1&psc=1"><img src="https://m.media-amazon.com/images/I/410wwKZBYVL._SL500_.jpg" alt="Product Image"></a><p>Chemical Guys SPI220 Total Interior Cleaner and Protectant, Safe for Cars, Trucks, SUVs, Jeeps, Motorcycles, RVs & More, 128 fl oz (1 Gallon)</p><p>$54.99 ($0.43 / Fl Oz)</p><a href="https://www.amazon.com/dp/B0741RL23Q?tag=eloabder-20&linkCode=osi&th=1&psc=1">View Product</a></div><div class="product"><a href="https://www.amazon.com/dp/B002J7VX4Y?tag=eloabder-20&linkCode=osi&th=1&psc=1"><img src="https://m.media-amazon.com/images/I/41oijnffQ0L._SL500_.jpg" alt="Product Image"></a><p>Chemical Guys AIR_101_16 New Car Smell Premium Air Freshener and Odor Eliminator, Long-Lasting Scent, Great for Cars, Trucks, SUVs, RVs & More, 16 fl oz</p><p>$10.99 ($0.69 / Fl Oz)</p><a href="https://www.amazon.com/dp/B002J7VX4Y?tag=eloabder-20&linkCode=osi&th=1&psc=1">View Product</a></div><div class="product"><a href="https://www.amazon.com/dp/B077TPG55M?tag=eloabder-20&linkCode=osi&th=1&psc=1"><img src="https://m.media-amazon.com/images/I/51aYksYRthL._SL500_.jpg" alt="Product Image"></a><p>Chemical Guys CWS20264 Tough Mudder Foaming Truck, Off Road, ATV and RV Heavy Duty Wash Soap,(Works with Foam Cannons, Foam Guns or Bucket Washes), 64 fl oz (Half Gallon), Lemon Scent</p><p>$39.99 ($0.62 / Fl Oz)</p><a href="https://www.amazon.com/dp/B077TPG55M?tag=eloabder-20&linkCode=osi&th=1&psc=1">View Product</a></div><div class="product"><a href="https://www.amazon.com/dp/B00BJCAPEE?tag=eloabder-20&linkCode=osi&th=1&psc=1"><img src="https://m.media-amazon.com/images/I/416RIPKVW1L._SL500_.jpg" alt="Product Image"></a><p>Chemical Guys CWS_402 Mr. Pink Foaming Car Wash Soap (Works with Foam Cannons, Foam Guns or Bucket Washes) Safe for Cars, Trucks, Motorcycles, RVs & More, 128 fl oz, Candy Scent</p><p>$39.99 ($0.31 / Fl Oz)</p><a href="https://www.amazon.com/dp/B00BJCAPEE?tag=eloabder-20&linkCode=osi&th=1&psc=1">View Product</a></div><div class="product"><a href="https://www.amazon.com/dp/B01C6AISUK?tag=eloabder-20&linkCode=osi&th=1&psc=1"><img src="https://m.media-amazon.com/images/I/41FrDCDPB6S._SL500_.jpg" alt="Product Image"></a><p>Chemical Guys CLD_700_16 Mat Renew Rubber + Vinyl Floor Mat Cleaner And Protectant, Safe for Cars, Trucks, SUVs, Motorcycles, RVs & More, 16 fl oz</p><p>$10.99 ($0.69 / Fl Oz)</p><a href="https://www.amazon.com/dp/B01C6AISUK?tag=eloabder-20&linkCode=osi&th=1&psc=1">View Product</a></div><div class="product"><a href="https://www.amazon.com/dp/B01N76S0A7?tag=eloabder-20&linkCode=osi&th=1&psc=1"><img src="https://m.media-amazon.com/images/I/51jurhYPCgL._SL500_.jpg" alt="Product Image"></a><p>Chemical Guys HOL131 Premium Chenille Microfiber Car Wash Mop and Heavy Duty Extendable Pole Kit (Great for RVs, Trucks, SUVs, Jeeps & Large Vehicles), With Mr. Pink Foaming Car Wash Soap - 4 fl oz</p><p>$49.99</p><a href="https://www.amazon.com/dp/B01N76S0A7?tag=eloabder-20&linkCode=osi&th=1&psc=1">View Product</a></div><div class="product"><a href="https://www.amazon.com/dp/B009OTW646?tag=eloabder-20&linkCode=osi&th=1&psc=1"><img src="https://m.media-amazon.com/images/I/41lG36UqLBL._SL500_.jpg" alt="Product Image"></a><p>Chemical Guys CWS 110 Honeydew Snow Foam Car Wash Soap (Works with Foam Cannons, Guns or Bucket Washes) Safe for Trucks, Motorcycles, RVs & More, 128 fl oz (1 Gallon), Honeydew Scent</p><p>$39.99 ($0.31 / Fl Oz)</p><a href="https://www.amazon.com/dp/B009OTW646?tag=eloabder-20&linkCode=osi&th=1&psc=1">View Product</a></div><div class="product"><a href="https://www.amazon.com/dp/B08P54Z2C2?tag=eloabder-20&linkCode=osi&th=1&psc=1"><img src="https://m.media-amazon.com/images/I/41Ra65iS2OL._SL500_.jpg" alt="Product Image"></a><p>Chemical Guys WAC23316 HydroSpeed Ceramic Quick Detailer, Safe for Cars, Trucks, SUVs, Motorcycles, RVs & More, 16 fl oz</p><p>$24.99</p><a href="https://www.amazon.com/dp/B08P54Z2C2?tag=eloabder-20&linkCode=osi&th=1&psc=1">View Product</a></div>
<div class="product"><a href="https://www.amazon.com/dp/B0C7WLPQC7?tag=eloabder-20&linkCode=osi&th=1&psc=1"><img src="https://m.media-amazon.com/images/I/41hJeSxsSWL._SL500_.jpg" alt="Product Image"></a><p>Detail King Car Odor Removal - Chlorine Dioxide Cup - Extreme Odor Eliminator For Car - Safe And Easy To Use (3 Oz (Pack of 1) - Plastic)</p><p>$24.95 ($8.32 / Ounce)</p><a href="https://www.amazon.com/dp/B0C7WLPQC7?tag=eloabder-20&linkCode=osi&th=1&psc=1">View Product</a></div>

<div class="product"><a href="https://www.amazon.com/dp/B0052XFWCG?tag=eloabder-20&linkCode=osi&th=1&psc=1"><img src="https://m.media-amazon.com/images/I/41qajeJVXLL._SL500_.jpg" alt="Product Image"></a><p>Hot Shot's Secret HSS64Z Original Stiction Eliminator 64 Fluid Ounce Bottle, Green</p><p>$53.45 ($0.84 / Fl Oz)</p><a href="https://www.amazon.com/dp/B0052XFWCG?tag=eloabder-20&linkCode=osi&th=1&psc=1">View Product</a></div><div class="product"><a href="https://www.amazon.com/dp/B009M64CAW?tag=eloabder-20&linkCode=osi&th=1&psc=1"><img src="https://m.media-amazon.com/images/I/417D8X0nkBL._SL500_.jpg" alt="Product Image"></a><p>Lucas Oil 10679 Hot Rod & Classic Car SAE 10W-30 Motor Oil - 5 Quart</p><p>$38.50 ($0.24 / Fl Oz)</p><a href="https://www.amazon.com/dp/B009M64CAW?tag=eloabder-20&linkCode=osi&th=1&psc=1">View Product</a></div><div class="product"><a href="https://www.amazon.com/dp/B01L9ARY9O?tag=eloabder-20&linkCode=osi&th=1&psc=1"><img src="https://m.media-amazon.com/images/I/51yaZAYH75L._SL500_.jpg" alt="Product Image"></a><p>FPPF Chemical Co 00161 16 OZ HOT 4-in-1 Heating Oil Treatment (2 Bottles)</p><p>$26.42</p><a href="https://www.amazon.com/dp/B01L9ARY9O?tag=eloabder-20&linkCode=osi&th=1&psc=1">View Product</a></div><div class="product"><a href="https://www.amazon.com/dp/B009M64CUM?tag=eloabder-20&linkCode=osi&th=1&psc=1"><img src="https://m.media-amazon.com/images/I/41yiWaF8YQL._SL500_.jpg" alt="Product Image"></a><p>Lucas Oil 10683 Hot Rod & Classic Car SAE 10W-40 Motor Oil - 5 Quart</p><p>$43.24 ($0.27 / Fl Oz)</p><a href="https://www.amazon.com/dp/B009M64CUM?tag=eloabder-20&linkCode=osi&th=1&psc=1">View Product</a></div><div class="product"><a href="https://www.amazon.com/dp/B0973HNRH9?tag=eloabder-20&linkCode=osi&th=1&psc=1"><img src="https://m.media-amazon.com/images/I/41kyGGJa--L._SL500_.jpg" alt="Product Image"></a><p>Hot Shot's Secret FR3 Friction Reducer 64 Fluid Ounce 2 Quarts, Light Yellow Liquid, (HSSFR364Z)</p><p>$59.73 ($0.93 / Fl Oz)</p><a href="https://www.amazon.com/dp/B0973HNRH9?tag=eloabder-20&linkCode=osi&th=1&psc=1">View Product</a></div><div class="product"><a href="https://www.amazon.com/dp/B082YFQQ25?tag=eloabder-20&linkCode=osi&th=1&psc=1"><img src="https://m.media-amazon.com/images/I/511PTX7LlZL._SL500_.jpg" alt="Product Image"></a><p>Hot Shot's Secret Green Diamond 100 Percent Synthetic 15W40 Oil Diesel 1 Gallon</p><p>$39.99 ($0.31 / Fl Oz)</p><a href="https://www.amazon.com/dp/B082YFQQ25?tag=eloabder-20&linkCode=osi&th=1&psc=1">View Product</a></div>















<div class="product"><a href="https://www.amazon.com/dp/B08PTMXCJL?tag=eloabder-20&linkCode=osi&th=1&psc=1"><img src="https://m.media-amazon.com/images/I/410eJv-7UHL._SL500_.jpg" alt="Product Image"></a><p>Moly Grease | 3% Molybdenum Disulfide | Fifth Wheel | 5th | Automotive | Tractor | Axle | Spline | CV Joint | Lithium EP Grease | High Temp | 35 LB Pail Bucket | Black Moly | NLGI 2 | HeavyDuty Moly</p><p>$174.99 ($0.31 / Ounce)</p><a href="https://www.amazon.com/dp/B08PTMXCJL?tag=eloabder-20&linkCode=osi&th=1&psc=1">View Product</a></div><div class="product"><a href="https://www.amazon.com/dp/B08PTHJTK5?tag=eloabder-20&linkCode=osi&th=1&psc=1"><img src="https://m.media-amazon.com/images/I/41VdMjJ38aL._SL500_.jpg" alt="Product Image"></a><p>Wheel Bearing Grease Pail | Lithium Complex | High Temp EP | CV Joint | Axle | Automotive | Tractor | Truck | Ball Joint | Marine Boat | Gear | Heavy Duty | Blue | 35 LB Bucket | NLGI 2 | MultiPurpose</p><p>$167.99 ($0.30 / Ounce)</p><a href="https://www.amazon.com/dp/B08PTHJTK5?tag=eloabder-20&linkCode=osi&th=1&psc=1">View Product</a></div><div class="product"><a href="https://www.amazon.com/dp/B0013J1UA6?tag=eloabder-20&linkCode=osi&th=1&psc=1"><img src="https://m.media-amazon.com/images/I/41G0Fkf7KnL._SL500_.jpg" alt="Product Image"></a><p>CRC Food Grade Chain Lube 03055 – 12 Wt. Oz. Aerosol, NSF H1 Gear, Chain, and Wire Lubricant</p><p>$19.25 ($1.60 / Ounce)</p><a href="https://www.amazon.com/dp/B0013J1UA6?tag=eloabder-20&linkCode=osi&th=1&psc=1">View Product</a></div>





<div class="product"><a href="https://www.amazon.com/dp/B08GQ9G2V5?tag=eloabder-20&linkCode=osi&th=1&psc=1"><img src="https://m.media-amazon.com/images/I/511+rapOlWL._SL500_.jpg" alt="Product Image"></a><p>Armor All Car Air Freshener and Purifier, Car Odor Eliminator, 1.5 Ounce (Pack of 3)</p><p>$21.21 ($4.71 / Ounce)</p><a href="https://www.amazon.com/dp/B08GQ9G2V5?tag=eloabder-20&linkCode=osi&th=1&psc=1">View Product</a></div>







<div class="product"><a href="https://www.amazon.com/dp/B001229JCU?tag=eloabder-20&linkCode=osi&th=1&psc=1"><img src="https://m.media-amazon.com/images/I/31W6FuKPMcL._SL500_.jpg" alt="Product Image"></a><p>First Alert EZ Fire Spray, Extinguishing Aerosol Spray, AF400 Red 18 Ounce (Pack of 1)</p><p>$12.49</p><a href="https://www.amazon.com/dp/B001229JCU?tag=eloabder-20&linkCode=osi&th=1&psc=1">View Product</a></div><div class="product"><a href="https://www.amazon.com/dp/B002U0KGDY?tag=eloabder-20&linkCode=osi&th=1&psc=1"><img src="https://m.media-amazon.com/images/I/51p6R+mcRhL._SL500_.jpg" alt="Product Image"></a><p>First Alert EZ Fire Spray, Extinguishing Aerosol Spray, Pack of 2, AF400-2, RED</p><p>$27.02</p><a href="https://www.amazon.com/dp/B002U0KGDY?tag=eloabder-20&linkCode=osi&th=1&psc=1">View Product</a></div>
<div class="product"><a href="https://www.amazon.com/dp/B0088LVBUQ?tag=eloabder-20&linkCode=osi&th=1&psc=1"><img src="https://m.media-amazon.com/images/I/31h7l-l6u2L._SL500_.jpg" alt="Product Image"></a><p>Seymour EN-59 Hi-Tech Engine Spray Paint, General Motors Red</p><p>$9.08 ($0.76 / Ounce)</p><a href="https://www.amazon.com/dp/B0088LVBUQ?tag=eloabder-20&linkCode=osi&th=1&psc=1">View Product</a></div>




<div class="product"><a href="https://www.amazon.com/dp/B000HBNU9K?tag=eloabder-20&linkCode=osi&th=1&psc=1"><img src="https://m.media-amazon.com/images/I/41URzfKaVsL._SL500_.jpg" alt="Product Image"></a><p>Permatex 27828 Body Shop Heavy Duty Headliner Adhesive, High-Strength Spray Adhesive, Repair Detached Or Loose Interior Parts, Dries Clear, Aerosol Can, 16.75 Oz</p><p>$17.05 ($1.02 / Ounce)</p><a href="https://www.amazon.com/dp/B000HBNU9K?tag=eloabder-20&linkCode=osi&th=1&psc=1">View Product</a></div><div class="product"><a href="https://www.amazon.com/dp/B001VXXEXU?tag=eloabder-20&linkCode=osi&th=1&psc=1"><img src="https://m.media-amazon.com/images/I/5112onMwzaL._SL500_.jpg" alt="Product Image"></a><p>Vibra-TITE 213 Red VC-3 Original Threadmate, 250ml Can</p><p>$99.19</p><a href="https://www.amazon.com/dp/B001VXXEXU?tag=eloabder-20&linkCode=osi&th=1&psc=1">View Product</a></div><div class="product"><a href="https://www.amazon.com/dp/B0CWPSLTR1?tag=eloabder-20&linkCode=osi&th=1&psc=1"><img src="https://m.media-amazon.com/images/I/31ytleZjjaL._SL500_.jpg" alt="Product Image"></a><p>P & S PROFESSIONAL DETAIL PRODUCTS - Terminator Enzyme Spot and Stain Remover - Perfect for Deodorizing, Removing Embedded Soils, Grease, Dirt, and Protein-Based Stains; Fresh Scent (1 Quart)</p><p>$25.95 ($0.81 / Fl Oz)</p><a href="https://www.amazon.com/dp/B0CWPSLTR1?tag=eloabder-20&linkCode=osi&th=1&psc=1">View Product</a></div><div class="product"><a href="https://www.amazon.com/dp/B07GFNQL9H?tag=eloabder-20&linkCode=osi&th=1&psc=1"><img src="https://m.media-amazon.com/images/I/41AA3Nbt8OL._SL500_.jpg" alt="Product Image"></a><p>Gunk FEB1 Foamy Engine Brite Engine Cleaner - 17oz. 2 Pack</p><p>$17.95 ($0.53 / Ounce)</p><a href="https://www.amazon.com/dp/B07GFNQL9H?tag=eloabder-20&linkCode=osi&th=1&psc=1">View Product</a></div>



<div class="product"><a href="https://www.amazon.com/dp/B003SKCARK?tag=eloabder-20&linkCode=osi&th=1&psc=1"><img src="https://m.media-amazon.com/images/I/41rvU5irgRL._SL500_.jpg" alt="Product Image"></a><p>Obenauf's Heavy Duty LP Leather Preservative (4oz)- All Natural Beeswax Oil Conditioner- Rejuvenate Restore & Preserve Sunfaded or Cracked Boots Jackets Saddles Car Auto Upholstery Furniture- USA Made</p><p>$15.99</p><a href="https://www.amazon.com/dp/B003SKCARK?tag=eloabder-20&linkCode=osi&th=1&psc=1">View Product</a></div>
Aucun résultat trouvé.

<div class="product"><a href="https://www.amazon.com/dp/B0CLWDDWHX?tag=eloabder-20&linkCode=osi&th=1&psc=1"><img src="https://m.media-amazon.com/images/I/51HPMtia03L._SL500_.jpg" alt="Product Image"></a><p>Fire Fix Fire Extinguisher for Home 5-Pack | Made in USA | Emergency Fire Spray Foam for Apartment, Boat, Camping, Car, House, Kitchen & Vehicle | Safety & Survival | Compact, Small, Safe & Easy Use</p><p>$56.95</p><a href="https://www.amazon.com/dp/B0CLWDDWHX?tag=eloabder-20&linkCode=osi&th=1&psc=1">View Product</a></div><div class="product"><a href="https://www.amazon.com/dp/B0CKZF9H3D?tag=eloabder-20&linkCode=osi&th=1&psc=1"><img src="https://m.media-amazon.com/images/I/41+Q4YdByuL._SL500_.jpg" alt="Product Image"></a><p>Firexo All Fires Fire Extinguisher - Multipurpose Mini Aerosol - Pack of 6 - Home, Kitchen, Car, Garage, Boat, Caravan, Camping Household, ABC, Vehicle, Compact, RV, Emergency Equipment (0.1 Gal)</p><p>$139.99</p><a href="https://www.amazon.com/dp/B0CKZF9H3D?tag=eloabder-20&linkCode=osi&th=1&psc=1">View Product</a></div>
Aucun résultat trouvé.
Aucun résultat trouvé.






<div class="product"><a href="https://www.amazon.com/dp/B00FOKOKMU?tag=eloabder-20&linkCode=osi&th=1&psc=1"><img src="https://m.media-amazon.com/images/I/41KsUW-6WOL._SL500_.jpg" alt="Product Image"></a><p>The Original Leather Recoloring Balm by Furniture Clinic - 16 Colors - Leather Repair Kit for Furniture - Restore Couches, Car Seats & More - Leather Dye for Scratched and Faded Leather (Beige)</p><p>$29.95</p><a href="https://www.amazon.com/dp/B00FOKOKMU?tag=eloabder-20&linkCode=osi&th=1&psc=1">View Product</a></div>


<div class="product"><a href="https://www.amazon.com/dp/B0BQX6CPLS?tag=eloabder-20&linkCode=osi&th=1&psc=1"><img src="https://m.media-amazon.com/images/I/51OtuHOIJpL._SL500_.jpg" alt="Product Image"></a><p>Dry Stop Fire Spray by Prepared Hero - 8 Pack - Portable Fire Extinguisher for Home, Car, Garage, Kitchen - Works on Electrical, Grease, Battery Fires & More - Compact, Easy to Use</p><p>$143.99</p><a href="https://www.amazon.com/dp/B0BQX6CPLS?tag=eloabder-20&linkCode=osi&th=1&psc=1">View Product</a></div><div class="product"><a href="https://www.amazon.com/dp/B0BQX76B9K?tag=eloabder-20&linkCode=osi&th=1&psc=1"><img src="https://m.media-amazon.com/images/I/51iHCSuHw5L._SL500_.jpg" alt="Product Image"></a><p>Vapor Clean Fire Spray by Prepared Hero - 8 Pack - Portable Fire Extinguisher for Home, Car, Garage, Kitchen - Works on Electrical, Grease, Battery Fires & More - Compact, Easy to Use</p><p>$143.99</p><a href="https://www.amazon.com/dp/B0BQX76B9K?tag=eloabder-20&linkCode=osi&th=1&psc=1">View Product</a></div><div class="product"><a href="https://www.amazon.com/dp/B0C32NVZJZ?tag=eloabder-20&linkCode=osi&th=1&psc=1"><img src="https://m.media-amazon.com/images/I/61coxTM3mSL._SL500_.jpg" alt="Product Image"></a><p>Houandg Water-Based Fire Extinguisher- 2 Pack Portable Solution for All Fire Types in Homes, Vehicles, Kitchens - Prevents Re-Ignition</p><p>$33.98</p><a href="https://www.amazon.com/dp/B0C32NVZJZ?tag=eloabder-20&linkCode=osi&th=1&psc=1">View Product</a></div>
<div class="product"><a href="https://www.amazon.com/dp/B00L3W1OAO?tag=eloabder-20&linkCode=osi&th=1&psc=1"><img src="https://m.media-amazon.com/images/I/414uILMLuaL._SL500_.jpg" alt="Product Image"></a><p>Pro F/X Rubber Mask Grease Wheel - 1 Ounce - Trauma</p><p>$27.01</p><a href="https://www.amazon.com/dp/B00L3W1OAO?tag=eloabder-20&linkCode=osi&th=1&psc=1">View Product</a></div>
<div class="product"><a href="https://www.amazon.com/dp/B0CZ16SHCH?tag=eloabder-20&linkCode=osi&th=1&psc=1"><img src="https://m.media-amazon.com/images/I/31pYxaz4gYL._SL500_.jpg" alt="Product Image"></a><p>P & S PROFESSIONAL DETAIL PRODUCTS - Rehab - Paint Correction Creme Safe for All Paint Types and with Multiple pad Types - Easy-to-use-Formula Works at Any Stage of Paint Correction - 1 Quart</p><p>$56.95</p><a href="https://www.amazon.com/dp/B0CZ16SHCH?tag=eloabder-20&linkCode=osi&th=1&psc=1">View Product</a></div><div class="product"><a href="https://www.amazon.com/dp/B082BG8HLX?tag=eloabder-20&linkCode=osi&th=1&psc=1"><img src="https://m.media-amazon.com/images/I/31OAXbv7QFL._SL500_.jpg" alt="Product Image"></a><p>Lithium Auto Elixirs Color Crush- A rather intense approach to an Instant Detailer, Infused with color enhancing technology - Extremely Hydrophobic ingredients, long lasting Instant Detailer</p><p>$19.95 ($1.25 / Fl Oz)</p><a href="https://www.amazon.com/dp/B082BG8HLX?tag=eloabder-20&linkCode=osi&th=1&psc=1">View Product</a></div><div class="product"><a href="https://www.amazon.com/dp/B07MTPWZ76?tag=eloabder-20&linkCode=osi&th=1&psc=1"><img src="https://m.media-amazon.com/images/I/41v5yubrqoL._SL500_.jpg" alt="Product Image"></a><p>Lithium Seal and Squeal Paint Sealant/Polish - Incredible Shine and Lasting Protection - Curable Amino Functional Polymers Fused with Si02 Ceramic Nano Technology -Lasts for up to 12 Months (16 oz)</p><p>$39.99 ($2.50 / Ounce)</p><a href="https://www.amazon.com/dp/B07MTPWZ76?tag=eloabder-20&linkCode=osi&th=1&psc=1">View Product</a></div><div class="product"><a href="https://www.amazon.com/dp/B07MVNX377?tag=eloabder-20&linkCode=osi&th=1&psc=1"><img src="https://m.media-amazon.com/images/I/31gEqFf7rhL._SL500_.jpg" alt="Product Image"></a><p>Leather Love - The Best Leather Conditioner On The Planet, Brings Old Leather Back To Life, All Natural Ingredients Mixed With Serious Science, Restores, Rehydrates, Protects (8oz)</p><p>$28.99 ($3.62 / Ounce)</p><a href="https://www.amazon.com/dp/B07MVNX377?tag=eloabder-20&linkCode=osi&th=1&psc=1">View Product</a></div><div class="product"><a href="https://www.amazon.com/dp/B07MTQP514?tag=eloabder-20&linkCode=osi&th=1&psc=1"><img src="https://m.media-amazon.com/images/I/311IYwH-oaL._SL500_.jpg" alt="Product Image"></a><p>Trim Serum- Plastic Restorer- Restores Even the Most Damaged Plastic, Rubber and Vinyl, Last For Months, Penetrates Plastic Pores Restoring Color. (16 Oz)</p><p>$36.99</p><a href="https://www.amazon.com/dp/B07MTQP514?tag=eloabder-20&linkCode=osi&th=1&psc=1">View Product</a></div><div class="product"><a href="https://www.amazon.com/dp/B07236X7TS?tag=eloabder-20&linkCode=osi&th=1&psc=1"><img src="https://m.media-amazon.com/images/I/51-mgxYD9kL._SL500_.jpg" alt="Product Image"></a><p>Skidmore's Biker Edition Leather Cream | All Natural Formula Cleans, Conditions, and Protects your Motorcycle | Made in USA</p><p>$44.98</p><a href="https://www.amazon.com/dp/B07236X7TS?tag=eloabder-20&linkCode=osi&th=1&psc=1">View Product</a></div><div class="product"><a href="https://www.amazon.com/dp/B001CS6HH4?tag=eloabder-20&linkCode=osi&th=1&psc=1"><img src="https://m.media-amazon.com/images/I/41wY0SB+DWL._SL500_.jpg" alt="Product Image"></a><p>Fiebing's Yellow Saddle Soap for Leather (3.5 oz Tin) - Leather Cleaner & Conditioner to Soften, Protect & Restore Leathercraft - Leather Soap for Car Seat, Couch, Shoe, Purse, Boot, Bag, & Saddles</p><p>$7.15 ($2.04 / Ounce)</p><a href="https://www.amazon.com/dp/B001CS6HH4?tag=eloabder-20&linkCode=osi&th=1&psc=1">View Product</a></div><div class="product"><a href="https://www.amazon.com/dp/B08RHZ1BKD?tag=eloabder-20&linkCode=osi&th=1&psc=1"><img src="https://m.media-amazon.com/images/I/21WKh31c4tL._SL500_.jpg" alt="Product Image"></a><p>Lithium Ignite After Wash - Conditions and Shines Surfaces as You Dry. Streak-Free Hydrophobic Formula adds Lubrication to Stop Micro Scratching While Surfaces pop with Color.</p><p>$21.99 ($1.37 / Fl Oz)</p><a href="https://www.amazon.com/dp/B08RHZ1BKD?tag=eloabder-20&linkCode=osi&th=1&psc=1">View Product</a></div><div class="product"><a href="https://www.amazon.com/dp/B0003A1T3E?tag=eloabder-20&linkCode=osi&th=1&psc=1"><img src="https://m.media-amazon.com/images/I/41042PKJ1ZL._SL500_.jpg" alt="Product Image"></a><p>URAD One step All-In-One Leather conditioner 140g - NEUTRAL</p><p>$16.13</p><a href="https://www.amazon.com/dp/B0003A1T3E?tag=eloabder-20&linkCode=osi&th=1&psc=1">View Product</a></div>

<div class="product"><a href="https://www.amazon.com/dp/B0B3NFH3QY?tag=eloabder-20&linkCode=osi&th=1&psc=1"><img src="https://m.media-amazon.com/images/I/51sKVZnP-WL._SL500_.jpg" alt="Product Image"></a><p>Little Joe 96427-6PK I Love Hockey New Car Scent Red Car Air Freshener A/C Vent Clip Uses Alcohol-Free Fragrance Oil is Non-Hazardous and Non-Toxic Plastic, Pack of 6</p><p>$21.99 ($3.66 / Count)</p><a href="https://www.amazon.com/dp/B0B3NFH3QY?tag=eloabder-20&linkCode=osi&th=1&psc=1">View Product</a></div><div class="product"><a href="https://www.amazon.com/dp/B072275K82?tag=eloabder-20&linkCode=osi&th=1&psc=1"><img src="https://m.media-amazon.com/images/I/41wDnF6SiAL._SL500_.jpg" alt="Product Image"></a><p>Little Joe 96404-6PK Fruit Scent, Car Air Freshener, Clips to A/C Air Vent, Alcohol-Free Fragrance Oil, Non-Hazardous and Non-Toxic Plastic, Set of 6</p><p>$16.60 ($2.77 / Count)</p><a href="https://www.amazon.com/dp/B072275K82?tag=eloabder-20&linkCode=osi&th=1&psc=1">View Product</a></div><div class="product"><a href="https://www.amazon.com/dp/B0CQPQ2S4W?tag=eloabder-20&linkCode=osi&th=1&psc=1"><img src="https://m.media-amazon.com/images/I/31iRknmvjeL._SL500_.jpg" alt="Product Image"></a><p>Little Pup 96613 Blue Raspberry Slushy Scent Car Air Freshener A/C Vent Clip Uses Alcohol-Free Fragrance Oil is Non Hazardous and Non Toxic, Pack of 1</p><p>$3.94</p><a href="https://www.amazon.com/dp/B0CQPQ2S4W?tag=eloabder-20&linkCode=osi&th=1&psc=1">View Product</a></div><div class="product"><a href="https://www.amazon.com/dp/B0CQPNMTM4?tag=eloabder-20&linkCode=osi&th=1&psc=1"><img src="https://m.media-amazon.com/images/I/41eEovL+zML._SL500_.jpg" alt="Product Image"></a><p>Little Joe 96414-6PK Orange Creamsicle Scent Car Air Freshener A/C Vent Clip Uses Alcohol-Free Fragrance Oil is Non-Hazardous and Non-Toxic Plastic, Pack of 6</p><p>$25.99 ($4.33 / Count)</p><a href="https://www.amazon.com/dp/B0CQPNMTM4?tag=eloabder-20&linkCode=osi&th=1&psc=1">View Product</a></div><div class="product"><a href="https://www.amazon.com/dp/B0CH9KNNZN?tag=eloabder-20&linkCode=osi&th=1&psc=1"><img src="https://m.media-amazon.com/images/I/41jX66PGMTL._SL500_.jpg" alt="Product Image"></a><p>TAKAVU Clay Bars Auto Detailing 2 Pack X 100g, Premium Grade Material, Magic Clay Bar Cleaner for Cars, RV, Boat and Bus (Grey)</p><p>$9.99</p><a href="https://www.amazon.com/dp/B0CH9KNNZN?tag=eloabder-20&linkCode=osi&th=1&psc=1">View Product</a></div>

<div class="product"><a href="https://www.amazon.com/dp/B004UM6DLE?tag=eloabder-20&linkCode=osi&th=1&psc=1"><img src="https://m.media-amazon.com/images/I/314nawyx6sL._SL500_.jpg" alt="Product Image"></a><p>CARPRO IronX Iron Remover: Stops Rust Spots and Pre-Mature Failure of The Clear Coat, Iron Contaminant Removal - 500mL with Sprayer (17oz)</p><p>$26.78</p><a href="https://www.amazon.com/dp/B004UM6DLE?tag=eloabder-20&linkCode=osi&th=1&psc=1">View Product</a></div><div class="product"><a href="https://www.amazon.com/dp/B01HXZXO98?tag=eloabder-20&linkCode=osi&th=1&psc=1"><img src="https://m.media-amazon.com/images/I/41Ne9OfQGzL._SL500_.jpg" alt="Product Image"></a><p>Chemical Guys CWS80316 Clean Slate Deep Surface Cleaning Car Wash Soap (Removes Old Car Waxes, Glazes & Sealants for Superior Surface Prep), 16 fl oz, Citrus Scent</p><p>$11.99 ($0.75 / Fl Oz)</p><a href="https://www.amazon.com/dp/B01HXZXO98?tag=eloabder-20&linkCode=osi&th=1&psc=1">View Product</a></div><div class="product"><a href="https://www.amazon.com/dp/B07C39H9YX?tag=eloabder-20&linkCode=osi&th=1&psc=1"><img src="https://m.media-amazon.com/images/I/31yK3Vb5xWL._SL500_.jpg" alt="Product Image"></a><p>Adam's Polishes Iron Remover (16oz) - Iron Out Fallout Rust Remover Spray for Car Detailing | Remove Iron Particles in Car Paint, Motorcycle, RV & Boat | Use Before Clay Bar, Car Wax or Car Wash</p><p>$16.99</p><a href="https://www.amazon.com/dp/B07C39H9YX?tag=eloabder-20&linkCode=osi&th=1&psc=1">View Product</a></div><div class="product"><a href="https://www.amazon.com/dp/B0BTJ9DJM5?tag=eloabder-20&linkCode=osi&th=1&psc=1"><img src="https://m.media-amazon.com/images/I/41tNMqlDrxL._SL500_.jpg" alt="Product Image"></a><p>Torque Detail Decon Wash Pack - Decontamination Soap 8oz + Wash Mitt - Surface Strip Wash Car Shampoo - Highly Absorbent Microfiber Chenille Car Wash Mitt Safely Cleans Your Vehicles Entire Surface</p><p>$24.95 ($3.12 / Fl Oz)</p><a href="https://www.amazon.com/dp/B0BTJ9DJM5?tag=eloabder-20&linkCode=osi&th=1&psc=1">View Product</a></div><div class="product"><a href="https://www.amazon.com/dp/B013K5V9PQ?tag=eloabder-20&linkCode=osi&th=1&psc=1"><img src="https://m.media-amazon.com/images/I/41V3rm6NlZL._SL500_.jpg" alt="Product Image"></a><p>CARPRO PolyShave Decon Towel - Car Detailing Clay Decontamination Faster than Clay Bar, Clean & Release of Paint Contaminants and Glass - Increase Wax and Sealant Bond - 12" x 12" (1 Pack)</p><p>$39.97</p><a href="https://www.amazon.com/dp/B013K5V9PQ?tag=eloabder-20&linkCode=osi&th=1&psc=1">View Product</a></div><div class="product"><a href="https://www.amazon.com/dp/B0B788NBWG?tag=eloabder-20&linkCode=osi&th=1&psc=1"><img src="https://m.media-amazon.com/images/I/51NDfAOuEmL._SL500_.jpg" alt="Product Image"></a><p>P & S Professional Detail Products - Clay Decontamination Towel - Effective Cleaning & Release of Paint Contaminants; Increase Wax & Sealant Bond; Enhance Gloss & Depth of Color; Fine Grade-12" x 12"</p><p>$34.95</p><a href="https://www.amazon.com/dp/B0B788NBWG?tag=eloabder-20&linkCode=osi&th=1&psc=1">View Product</a></div><div class="product"><a href="https://www.amazon.com/dp/B0B27TFK69?tag=eloabder-20&linkCode=osi&th=1&psc=1"><img src="https://m.media-amazon.com/images/I/41zJPQIcqeL._SL500_.jpg" alt="Product Image"></a><p>The Rag Company - Ultra Clay Decontamination Mitt - Easy to Use; Effective Cleaning & Release of Paint Contaminants; Increase Wax & Sealant Bond; Enhance Gloss &Color Depth; Fine Grade (8.7"x5.7")</p><p>$34.95</p><a href="https://www.amazon.com/dp/B0B27TFK69?tag=eloabder-20&linkCode=osi&th=1&psc=1">View Product</a></div><div class="product"><a href="https://www.amazon.com/dp/B0C6XBN14N?tag=eloabder-20&linkCode=osi&th=1&psc=1"><img src="https://m.media-amazon.com/images/I/31BSavOJ89L._SL500_.jpg" alt="Product Image"></a><p>3D Iron Remover GLW Series | DIY Car Detailing | Hyper Effective Wheel Decontamination | Removes Iron Particles, Dirt, Brake Dust | Rapid Results | Ultimate Iron & Surface Contaminate Eliminator, 16oz</p><p>$17.99</p><a href="https://www.amazon.com/dp/B0C6XBN14N?tag=eloabder-20&linkCode=osi&th=1&psc=1">View Product</a></div>







<div class="product"><a href="https://www.amazon.com/dp/B0D2SPCW3G?tag=eloabder-20&linkCode=osi&th=1&psc=1"><img src="https://m.media-amazon.com/images/I/41JYIg6xqqL._SL500_.jpg" alt="Product Image"></a><p>Crankcase Ventilation Oil Separator with Gasket Compatible for 2008-2014 Volvo Mack D13 D16 MP8 Engine Replace 21122541 20499419</p><p>$155.99</p><a href="https://www.amazon.com/dp/B0D2SPCW3G?tag=eloabder-20&linkCode=osi&th=1&psc=1">View Product</a></div>

<div class="product"><a href="https://www.amazon.com/dp/B0C6M2FHGX?tag=eloabder-20&linkCode=osi&th=1&psc=1"><img src="https://m.media-amazon.com/images/I/21wWRrpHdbL._SL500_.jpg" alt="Product Image"></a><p>eMagTech 9PCS Warning Sign Please No Smoking Vaping Food Drink Stickers 110x50mm Self-Adhesive Vinyl Window Decal for Car Taxis Buses Minibuses</p><p>$9.49</p><a href="https://www.amazon.com/dp/B0C6M2FHGX?tag=eloabder-20&linkCode=osi&th=1&psc=1">View Product</a></div>

Aucun résultat trouvé.

<div class="product"><a href="https://www.amazon.com/dp/B0CVWZZMRY?tag=eloabder-20&linkCode=osi&th=1&psc=1"><img src="https://m.media-amazon.com/images/I/512y-1GwQNL._SL500_.jpg" alt="Product Image"></a><p>Jewkot 4 PCS Car Wiper Strip, 28" Boneless Structure Car Windshield Cleaning Wiper Strip, DIY Length Auxiliary Cleaning Replacement Accessory, Suitable for Most Cars, Vans, Trucks, Buses (Black)</p><p>$5.58</p><a href="https://www.amazon.com/dp/B0CVWZZMRY?tag=eloabder-20&linkCode=osi&th=1&psc=1">View Product</a></div>
<div class="product"><a href="https://www.amazon.com/dp/B07L3VQC6W?tag=eloabder-20&linkCode=osi&th=1&psc=1"><img src="https://m.media-amazon.com/images/I/41GebP+2HYL._SL500_.jpg" alt="Product Image"></a><p>BRISA VW Collection Volkswagen Air Freshener, Room Freshener, Deodorizer for Cars T1 Bus Campervan Motif (Citrus/Yellow/Set of 2)</p><p>$13.90 ($6.95 / Count)</p><a href="https://www.amazon.com/dp/B07L3VQC6W?tag=eloabder-20&linkCode=osi&th=1&psc=1">View Product</a></div><div class="product"><a href="https://www.amazon.com/dp/B07L3V86JS?tag=eloabder-20&linkCode=osi&th=1&psc=1"><img src="https://m.media-amazon.com/images/I/41TblWhKhQL._SL500_.jpg" alt="Product Image"></a><p>BRISA VW Collection Volkswagen Air Freshener, Room Freshener, Deodorizer for Cars T1 Bus Campervan Motif (New Car/Green/Set of 2)</p><p>$13.90 ($6.95 / Count)</p><a href="https://www.amazon.com/dp/B07L3V86JS?tag=eloabder-20&linkCode=osi&th=1&psc=1">View Product</a></div>


Aucun résultat trouvé.










<div class="product"><a href="https://www.amazon.com/dp/B099HL5SV2?tag=eloabder-20&linkCode=osi&th=1&psc=1"><img src="https://m.media-amazon.com/images/I/31kcR8HnylL._SL500_.jpg" alt="Product Image"></a><p>Philips GoPure GP5212 High Performance HEPA Air Purifier for Car, Removes up to 100 Pollutants, Exhaust Fumes, VOCs, Smoke, Bad Odors, Bacteria and Viruses</p><p>$77.59</p><a href="https://www.amazon.com/dp/B099HL5SV2?tag=eloabder-20&linkCode=osi&th=1&psc=1">View Product</a></div><div class="product"><a href="https://www.amazon.com/dp/B07TB419F7?tag=eloabder-20&linkCode=osi&th=1&psc=1"><img src="https://m.media-amazon.com/images/I/41l9XK-u-eL._SL500_.jpg" alt="Product Image"></a><p>Enoch Ionic Car Air Purifier with Dual USB Car Charger. Car Air Freshener Eliminates Odor, Dust. Removes Smoke, Pet and Food Odor. Ionic Ozone Car Deodorizer (Matt Black)</p><p>$24.50</p><a href="https://www.amazon.com/dp/B07TB419F7?tag=eloabder-20&linkCode=osi&th=1&psc=1">View Product</a></div><div class="product"><a href="https://www.amazon.com/dp/B08C9LKKMM?tag=eloabder-20&linkCode=osi&th=1&psc=1"><img src="https://m.media-amazon.com/images/I/41uJDRzxfrL._SL500_.jpg" alt="Product Image"></a><p>4WDKING Car Air Purifier Ionizer, 12V Plug-in Car Air Freshener Gadgets with Dual USB Charger Removes Cigarette Smoke, Pet and Food Odor, Ionic Ozone (Black)</p><p>$22.99</p><a href="https://www.amazon.com/dp/B08C9LKKMM?tag=eloabder-20&linkCode=osi&th=1&psc=1">View Product</a></div><div class="product"><a href="https://www.amazon.com/dp/B07C7D366L?tag=eloabder-20&linkCode=osi&th=1&psc=1"><img src="https://m.media-amazon.com/images/I/51GvjMcOskL._SL500_.jpg" alt="Product Image"></a><p>Car Air Purifier Ionizer - 12V Plug-in Ionic Anti-Microbial Car Deodorizer with Dual USB Charger - Smoke Smell, Pet and Food Odors, Allergens, Viruses Eliminator for Car (Matte Silver)</p><p>$24.99</p><a href="https://www.amazon.com/dp/B07C7D366L?tag=eloabder-20&linkCode=osi&th=1&psc=1">View Product</a></div><div class="product"><a href="https://www.amazon.com/dp/B086H3FW7T?tag=eloabder-20&linkCode=osi&th=1&psc=1"><img src="https://m.media-amazon.com/images/I/51FfQTz4koL._SL500_.jpg" alt="Product Image"></a><p>bmbu 1000g Large Bamboo Charcoal Air Purifier Bag - Car Deodorizer/Car Freshener - Remove Odor and Control Moisture in Your RV, Camper, SUV, Car, Truck, Closet, Mobile Home, Storage - Non Fragrant</p><p>$22.99 ($0.65 / Ounce)</p><a href="https://www.amazon.com/dp/B086H3FW7T?tag=eloabder-20&linkCode=osi&th=1&psc=1">View Product</a></div><div class="product"><a href="https://www.amazon.com/dp/B019NXUJ5K?tag=eloabder-20&linkCode=osi&th=1&psc=1"><img src="https://m.media-amazon.com/images/I/31grLw6pdUL._SL500_.jpg" alt="Product Image"></a><p>PURGGO Car Air Freshener - Lasts 365+ Days No Chemicals 100% Activated Bamboo Charcoal Fragrance-Free Deodorizer, Natural Auto Odor Eliminator, Purifier, Neutralizer, Absorb Smoke Smell</p><p>$25.99</p><a href="https://www.amazon.com/dp/B019NXUJ5K?tag=eloabder-20&linkCode=osi&th=1&psc=1">View Product</a></div><div class="product"><a href="https://www.amazon.com/dp/B0CT5TBKH5?tag=eloabder-20&linkCode=osi&th=1&psc=1"><img src="https://m.media-amazon.com/images/I/41UB7n6FuwL._SL500_.jpg" alt="Product Image"></a><p>Timgle 1 Pack Car Air Freshener, Lasts 365+ Days, No Chemicals 100% Activated Bamboo Charcoal Fragrance, Free Deodorizer, Natural Auto Odor Eliminator, Purifier, Neutralizer (Khaki Strap)</p><p>$10.99</p><a href="https://www.amazon.com/dp/B0CT5TBKH5?tag=eloabder-20&linkCode=osi&th=1&psc=1">View Product</a></div><div class="product"><a href="https://www.amazon.com/dp/B00V4049K2?tag=eloabder-20&linkCode=osi&th=1&psc=1"><img src="https://m.media-amazon.com/images/I/51rLLMGOc6L._SL500_.jpg" alt="Product Image"></a><p>PURGGO Car Air Freshener - Auto Odor Eliminator - 100% Activated Bamboo Charcoal Air Purifier, Ionizer - Absorb and Remove Smoke Smell - Fragrance-Free Deodorizer - Lasts 365+ Days [Classic Beige]</p><p>$25.99</p><a href="https://www.amazon.com/dp/B00V4049K2?tag=eloabder-20&linkCode=osi&th=1&psc=1">View Product</a></div>








<div class="product"><a href="https://www.amazon.com/dp/B00RYGK12K?tag=eloabder-20&linkCode=osi&th=1&psc=1"><img src="https://m.media-amazon.com/images/I/51RdEyCkvuL._SL500_.jpg" alt="Product Image"></a><p>Little Trees Cardboard Hanging Car, Home & Office Air Freshener, Summer Linen (Pack of 12)</p><p>$11.82 ($0.98 / Count)</p><a href="https://www.amazon.com/dp/B00RYGK12K?tag=eloabder-20&linkCode=osi&th=1&psc=1">View Product</a></div><div class="product"><a href="https://www.amazon.com/dp/B00LM54ZD0?tag=eloabder-20&linkCode=osi&th=1&psc=1"><img src="https://m.media-amazon.com/images/I/41YuRNweefL._SL500_.jpg" alt="Product Image"></a><p>LITTLE TREES Air Fresheners Car Air Freshener. Hanging Tree Provides Long Lasting Scent for Auto or Home. Black Ice, 24 Air Fresheners</p><p>$20.19 ($0.84 / Count)</p><a href="https://www.amazon.com/dp/B00LM54ZD0?tag=eloabder-20&linkCode=osi&th=1&psc=1">View Product</a></div><div class="product"><a href="https://www.amazon.com/dp/B09BB4V1Y8?tag=eloabder-20&linkCode=osi&th=1&psc=1"><img src="https://m.media-amazon.com/images/I/51AKMdDLO-L._SL500_.jpg" alt="Product Image"></a><p>DRIVEJOY Car Air Freshener Vent Clips, 8 PK, 6 Ocean, 2 New Car Scent, Car Fresheners for Men Women, Up to 240 Days, Long Lasting Air Freshener for Car, Odor Eliminator</p><p>$9.98 ($9.60 / Fl Oz)</p><a href="https://www.amazon.com/dp/B09BB4V1Y8?tag=eloabder-20&linkCode=osi&th=1&psc=1">View Product</a></div><div class="product"><a href="https://www.amazon.com/dp/B078JWRLYT?tag=eloabder-20&linkCode=osi&th=1&psc=1"><img src="https://m.media-amazon.com/images/I/41shbIl-LEL._SL500_.jpg" alt="Product Image"></a><p>California Scents Air Freshener 4-Pack Car Air Freshener (Coronado Cherry)</p><p>$12.88 ($2.15 / Ounce)</p><a href="https://www.amazon.com/dp/B078JWRLYT?tag=eloabder-20&linkCode=osi&th=1&psc=1">View Product</a></div><div class="product"><a href="https://www.amazon.com/dp/B0CW4CJWW9?tag=eloabder-20&linkCode=osi&th=1&psc=1"><img src="https://m.media-amazon.com/images/I/417lKQ0MXPL._SL500_.jpg" alt="Product Image"></a><p>Karma, Essential Oil Air Freshener for Cars Set of 2, Home & Office - Colorful Decorative Hanging Air Freshener with Tassel, Buttercup Vanilla Scented</p><p>$8.40 ($4.20 / Count)</p><a href="https://www.amazon.com/dp/B0CW4CJWW9?tag=eloabder-20&linkCode=osi&th=1&psc=1">View Product</a></div><div class="product"><a href="https://www.amazon.com/dp/B00AYCXL2I?tag=eloabder-20&linkCode=osi&th=1&psc=1"><img src="https://m.media-amazon.com/images/I/5165h10nKbL._SL500_.jpg" alt="Product Image"></a><p>Febreze Car Air Fresheners, New Car Scent, Odor Eliminator for Strong Odors Car Vent Clips (2 Count)</p><p>$9.98 ($4.99 / Count)</p><a href="https://www.amazon.com/dp/B00AYCXL2I?tag=eloabder-20&linkCode=osi&th=1&psc=1">View Product</a></div><div class="product"><a href="https://www.amazon.com/dp/B01LZ0N1MJ?tag=eloabder-20&linkCode=osi&th=1&psc=1"><img src="https://m.media-amazon.com/images/I/41J5LJGof9L._SL500_.jpg" alt="Product Image"></a><p>LITTLE TREES Car Air Freshener | Hanging Paper Tree for Home or Car | New Car Scent | 12 Pack</p><p>$11.70 ($0.98 / Count)</p><a href="https://www.amazon.com/dp/B01LZ0N1MJ?tag=eloabder-20&linkCode=osi&th=1&psc=1">View Product</a></div><div class="product"><a href="https://www.amazon.com/dp/B0C2Q2VGPZ?tag=eloabder-20&linkCode=osi&th=1&psc=1"><img src="https://m.media-amazon.com/images/I/413gckSL1EL._SL500_.jpg" alt="Product Image"></a><p>Savage Disposable Card Freshener for Men | Car Scents Air Freshener with Sauvage Fragrance | Strong Car Perfume Air Freshener with Odour Eliminating Technology | Suvage by Perfa</p><p>$6.99</p><a href="https://www.amazon.com/dp/B0C2Q2VGPZ?tag=eloabder-20&linkCode=osi&th=1&psc=1">View Product</a></div>





<div class="product"><a href="https://www.amazon.com/dp/B0D464228M?tag=eloabder-20&linkCode=osi&th=1&psc=1"><img src="https://m.media-amazon.com/images/I/315VtBe9l-L._SL500_.jpg" alt="Product Image"></a><p>Drift Car Air Freshener - Wood Air Freshener - Car Odor Eliminator - Open Air Scent Starter Kit</p><p>$11.95</p><a href="https://www.amazon.com/dp/B0D464228M?tag=eloabder-20&linkCode=osi&th=1&psc=1">View Product</a></div>
<div class="product"><a href="https://www.amazon.com/dp/B071HR14SJ?tag=eloabder-20&linkCode=osi&th=1&psc=1"><img src="https://m.media-amazon.com/images/I/41crypCefDL._SL500_.jpg" alt="Product Image"></a><p>Meguiar's Gold Class Car Wash Soap, Ultra-Rich Car Wash Soap and Conditioner for Car Cleaning, Car Wash Soap to Clean and Condition in One Easy Step, 1 Gallon Car Wash Soap</p><p>$24.99 ($0.20 / Ounce)</p><a href="https://www.amazon.com/dp/B071HR14SJ?tag=eloabder-20&linkCode=osi&th=1&psc=1">View Product</a></div><div class="product"><a href="https://www.amazon.com/dp/B085R9L9Q9?tag=eloabder-20&linkCode=osi&th=1&psc=1"><img src="https://m.media-amazon.com/images/I/41tAv1FNbZL._SL500_.jpg" alt="Product Image"></a><p>Armor All Extreme Shield Protectant Spray , Interior Car Cleaner with UV Protection Against Cracking and Fading, 16 Fl Oz</p><p>$8.98 ($0.56 / Fl Oz)</p><a href="https://www.amazon.com/dp/B085R9L9Q9?tag=eloabder-20&linkCode=osi&th=1&psc=1">View Product</a></div><div class="product"><a href="https://www.amazon.com/dp/B016NA9Y4S?tag=eloabder-20&linkCode=osi&th=1&psc=1"><img src="https://m.media-amazon.com/images/I/31oz8VJFdjL._SL500_.jpg" alt="Product Image"></a><p>Rain-X 5079281-2 Latitude 2-In-1 Wiper Blades, 26 Inch Windshield Wipers (Pack Of 1), Automotive Replacement Windshield Wiper Blades With Patented Rain-X Water Repellency Formula</p><p>$17.08</p><a href="https://www.amazon.com/dp/B016NA9Y4S?tag=eloabder-20&linkCode=osi&th=1&psc=1">View Product</a></div><div class="product"><a href="https://www.amazon.com/dp/B0D2PCCJVK?tag=eloabder-20&linkCode=osi&th=1&psc=1"><img src="https://m.media-amazon.com/images/I/41BFT-c3a9L._SL500_.jpg" alt="Product Image"></a><p>HoogaLife Car Air Freshener Diffuser – Revitalize Your Drive with Hanging Air Freshener Diffuser Aromatic Bliss On The Go(VANILLA CREAM)</p><p>$12.99 ($24.06 / Fl Oz)</p><a href="https://www.amazon.com/dp/B0D2PCCJVK?tag=eloabder-20&linkCode=osi&th=1&psc=1">View Product</a></div><div class="product"><a href="https://www.amazon.com/dp/B0D17SKCLF?tag=eloabder-20&linkCode=osi&th=1&psc=1"><img src="https://m.media-amazon.com/images/I/51VjaK8JNmL._SL500_.jpg" alt="Product Image"></a><p>AIDEA Car Wash Mitt Microfiber, 1PK-Scratch-Free& Lint-Free, Premium Chenille Microfiber Wash Mitt-Green Regular Size (7.12''X10.14'')</p><p>$5.99</p><a href="https://www.amazon.com/dp/B0D17SKCLF?tag=eloabder-20&linkCode=osi&th=1&psc=1">View Product</a></div>








<div class="product"><a href="https://www.amazon.com/dp/B00UZE8D00?tag=eloabder-20&linkCode=osi&th=1&psc=1"><img src="https://m.media-amazon.com/images/I/517VVkgvgcL._SL500_.jpg" alt="Product Image"></a><p>Chemical Guys HOL_996 Convertible Top Cleaner and Protectant Kit, 16 oz, 2 Items</p><p>$29.99</p><a href="https://www.amazon.com/dp/B00UZE8D00?tag=eloabder-20&linkCode=osi&th=1&psc=1">View Product</a></div><div class="product"><a href="https://www.amazon.com/dp/B004HCS4NW?tag=eloabder-20&linkCode=osi&th=1&psc=1"><img src="https://m.media-amazon.com/images/I/41j5b6xRqNL._SL500_.jpg" alt="Product Image"></a><p>Meguiar's Convertible Top Cleaner - Fabric Convertible Top Cleaner and Vinyl Convertible Top Cleaner in One Advanced Formula - Safely Removes Stains, Mildew, Bird Droppings, and More, 16 Oz</p><p>$6.87 ($0.43 / Ounce)</p><a href="https://www.amazon.com/dp/B004HCS4NW?tag=eloabder-20&linkCode=osi&th=1&psc=1">View Product</a></div><div class="product"><a href="https://www.amazon.com/dp/B00UZE80N0?tag=eloabder-20&linkCode=osi&th=1&psc=1"><img src="https://m.media-amazon.com/images/I/31FG83SK9SL._SL500_.jpg" alt="Product Image"></a><p>Chemical Guys SPI_193_16 Convertible Top Protectant and Repellent, (Helps Prevent Fading & Discoloration on Fabric Sot Tops) 16 fl oz (Packaging May Vary)</p><p>$19.99 ($1.25 / Fl Oz)</p><a href="https://www.amazon.com/dp/B00UZE80N0?tag=eloabder-20&linkCode=osi&th=1&psc=1">View Product</a></div><div class="product"><a href="https://www.amazon.com/dp/B00UZE8C1A?tag=eloabder-20&linkCode=osi&th=1&psc=1"><img src="https://m.media-amazon.com/images/I/31aLnXKZxfL._SL500_.jpg" alt="Product Image"></a><p>Chemical Guys ACC_S94 Convertible Top Horse Hair Cleaning Brush, Safe for Cloth Soft Tops, Upholstery, Leather, Furniture, & More</p><p>$14.99</p><a href="https://www.amazon.com/dp/B00UZE8C1A?tag=eloabder-20&linkCode=osi&th=1&psc=1">View Product</a></div><div class="product"><a href="https://www.amazon.com/dp/B000A8JNF0?tag=eloabder-20&linkCode=osi&th=1&psc=1"><img src="https://m.media-amazon.com/images/I/51PLChiVIrL._SL500_.jpg" alt="Product Image"></a><p>303 Products Convertible Fabric Top Cleaning and Care Kit - Cleans And Protects Fabric Tops - Includes Tonneau Cover And Convertible Top Cleaner 16 fl. oz. + Fabric Guard, (30520)</p><p>$32.79 ($1.02 / Fl Oz)</p><a href="https://www.amazon.com/dp/B000A8JNF0?tag=eloabder-20&linkCode=osi&th=1&psc=1">View Product</a></div>
<div class="product"><a href="https://www.amazon.com/dp/B0BCQ1XMWV?tag=eloabder-20&linkCode=osi&th=1&psc=1"><img src="https://m.media-amazon.com/images/I/41lV6Au-S9L._SL500_.jpg" alt="Product Image"></a><p>EMITHSUN® Windshield Wiper Blades Replacement for Honda Civic Coupe 2 Door 2005-2011,That Meet OEM Quality Front Wipers Blade Set for My Car-28"+24"(Set of 2)</p><p>$19.99</p><a href="https://www.amazon.com/dp/B0BCQ1XMWV?tag=eloabder-20&linkCode=osi&th=1&psc=1">View Product</a></div>
<div class="product"><a href="https://www.amazon.com/dp/B00I8ITVZG?tag=eloabder-20&linkCode=osi&th=1&psc=1"><img src="https://m.media-amazon.com/images/I/41TXd564pcL._SL500_.jpg" alt="Product Image"></a><p>ECOGARD XC36067 Premium Cabin Air Filter Fits Hyundai Genesis 2009-2016, Equus 2011-2016 | Genesis G80 2017-2021, G90 2019-2021, GV80 2021 | Kia K900 2020</p><p>$10.98</p><a href="https://www.amazon.com/dp/B00I8ITVZG?tag=eloabder-20&linkCode=osi&th=1&psc=1">View Product</a></div>

<div class="product"><a href="https://www.amazon.com/dp/B097C3NCP1?tag=eloabder-20&linkCode=osi&th=1&psc=1"><img src="https://m.media-amazon.com/images/I/41GXST2+s6L._SL500_.jpg" alt="Product Image"></a><p>Raidbee 12 inch Rear Wiper Blade Replacement for Toyota Corolla Hatchback 2022-2019, Nissan Versa 2019-2014 Back Windshield Wiper (H306/12-B)</p><p>$6.99</p><a href="https://www.amazon.com/dp/B097C3NCP1?tag=eloabder-20&linkCode=osi&th=1&psc=1">View Product</a></div>



<div class="product"><a href="https://www.amazon.com/dp/B0CQ4MLKHJ?tag=eloabder-20&linkCode=osi&th=1&psc=1"><img src="https://m.media-amazon.com/images/I/519f8covwQL._SL500_.jpg" alt="Product Image"></a><p>Feetiger All-in-1 Fire Extinguisher for Home, Kitchen, Car, Garage, RV, Truck, Boat, Camping, Fire Spray that Tackles Multiple Types of Fire, 2pack</p><p>$39.99</p><a href="https://www.amazon.com/dp/B0CQ4MLKHJ?tag=eloabder-20&linkCode=osi&th=1&psc=1">View Product</a></div>
<div class="product"><a href="https://www.amazon.com/dp/B07TS4JV6H?tag=eloabder-20&linkCode=osi&th=1&psc=1"><img src="https://m.media-amazon.com/images/I/412htpDd6fL._SL500_.jpg" alt="Product Image"></a><p>Police Flag Air Freshener, New Car Scent, 6-Pack</p><p>$9.99 ($1.66 / Count)</p><a href="https://www.amazon.com/dp/B07TS4JV6H?tag=eloabder-20&linkCode=osi&th=1&psc=1">View Product</a></div>


<div class="product"><a href="https://www.amazon.com/dp/B009EU5ZNO?tag=eloabder-20&linkCode=osi&th=1&psc=1"><img src="https://m.media-amazon.com/images/I/515MJLZbnoL._SL500_.jpg" alt="Product Image"></a><p>J-B Weld 50133 Plastic Bonder Structural Adhesive Syringe - Tan - 25 ml</p><p>$6.98 ($8.21 / Fl Oz)</p><a href="https://www.amazon.com/dp/B009EU5ZNO?tag=eloabder-20&linkCode=osi&th=1&psc=1">View Product</a></div>



<div class="product"><a href="https://www.amazon.com/dp/B09P6YZP72?tag=eloabder-20&linkCode=osi&th=1&psc=1"><img src="https://m.media-amazon.com/images/I/416rlvu+ayL._SL500_.jpg" alt="Product Image"></a><p>AUTOBOO 26"+20" Windshield Wipers with 16" Rear Wiper Blade Replacement for Dodge Grand Caravan 2008-2012 2013 2014 2015 2016 2017 2018 2019 -Original Factory Quality (Pack of 3)</p><p>$23.99</p><a href="https://www.amazon.com/dp/B09P6YZP72?tag=eloabder-20&linkCode=osi&th=1&psc=1">View Product</a></div><div class="product"><a href="https://www.amazon.com/dp/B0BLYQBDS8?tag=eloabder-20&linkCode=osi&th=1&psc=1"><img src="https://m.media-amazon.com/images/I/51SbpSR2zBL._SL500_.jpg" alt="Product Image"></a><p>A-Premium Engine Air Filter Compatible with Chrysler Town & Country & Dodge Grand Caravan & Ram C/V & Volkswagen Routan, 2011-2020, Flexible Panel, Replace# 4861737AA</p><p>$12.99</p><a href="https://www.amazon.com/dp/B0BLYQBDS8?tag=eloabder-20&linkCode=osi&th=1&psc=1">View Product</a></div>
<div class="product"><a href="https://www.amazon.com/dp/B001FCB4JS?tag=eloabder-20&linkCode=osi&th=1&psc=1"><img src="https://m.media-amazon.com/images/I/21wq6fxqiVL._SL500_.jpg" alt="Product Image"></a><p>Dicor BT-1834-1 Butyl Seal Tape - 1/8" x 3/4" x 30' Repair Tape for RV, Trailer, Motorhome, Window, and Vent Sealing</p><p>$13.15 ($0.44 / Foot)</p><a href="https://www.amazon.com/dp/B001FCB4JS?tag=eloabder-20&linkCode=osi&th=1&psc=1">View Product</a></div>
<div class="product"><a href="https://www.amazon.com/dp/B000BUQOD6?tag=eloabder-20&linkCode=osi&th=1&psc=1"><img src="https://m.media-amazon.com/images/I/41O0CoP1L3L._SL500_.jpg" alt="Product Image"></a><p>Camco Camper/RV Toilet Paper | Sewer-Safe, Septic-Safe & Biodegradable | Designed for Camper, Trailer & Marine Sanitation Systems | 1-Ply Tissue | 4 Toilet Paper Rolls – 280 Sheets per Roll (40275)</p><p>$5.99 ($2.14 / 100 Sheets)</p><a href="https://www.amazon.com/dp/B000BUQOD6?tag=eloabder-20&linkCode=osi&th=1&psc=1">View Product</a></div><div class="product"><a href="https://www.amazon.com/dp/B007JG1W1E?tag=eloabder-20&linkCode=osi&th=1&psc=1"><img src="https://m.media-amazon.com/images/I/41i-j99E9ML._SL500_.jpg" alt="Product Image"></a><p>Camco TST Camper / RV Grey Water Odor Control - Removes Grease Buildup in Gray Water Tank, Sink & Shower Drains - 4oz Treats 40-Gal Holding Tank - Safe Septic Tank Treatment - Lemon, 64 oz (40256)</p><p>$19.94 ($0.31 / Fl Oz)</p><a href="https://www.amazon.com/dp/B007JG1W1E?tag=eloabder-20&linkCode=osi&th=1&psc=1">View Product</a></div><div class="product"><a href="https://www.amazon.com/dp/B016V2OSD0?tag=eloabder-20&linkCode=osi&th=1&psc=1"><img src="https://m.media-amazon.com/images/I/31Jm99RYVXL._SL500_.jpg" alt="Product Image"></a><p>Camco TST MAX RV Toilet Treatment Drop-INs | Control Unwanted Odors and Break Down Waste and Tissue | Septic Tank Safe | Lavender Scent | 15-pack (41559)</p><p>$11.97 ($0.80 / Count)</p><a href="https://www.amazon.com/dp/B016V2OSD0?tag=eloabder-20&linkCode=osi&th=1&psc=1">View Product</a></div>






<div class="product"><a href="https://www.amazon.com/dp/B006GJYOL0?tag=eloabder-20&linkCode=osi&th=1&psc=1"><img src="https://m.media-amazon.com/images/I/41YPjiCzDfL._SL500_.jpg" alt="Product Image"></a><p>Boat Bling HS-0128 Hot Sauce Hard Water Spot Remover, Gallon Refill, for Boats, RVs, Powersport Vehicles and More, Black,1 Gallon</p><p>$54.95 ($0.43 / Fl Oz)</p><a href="https://www.amazon.com/dp/B006GJYOL0?tag=eloabder-20&linkCode=osi&th=1&psc=1">View Product</a></div><div class="product"><a href="https://www.amazon.com/dp/B0000AXVCB?tag=eloabder-20&linkCode=osi&th=1&psc=1"><img src="https://m.media-amazon.com/images/I/51gtsDb7zDL._SL500_.jpg" alt="Product Image"></a><p>Meguiar's M4364 Marine/RV Boat Wash - 64 Oz Container</p><p>$13.99 ($0.22 / Fl Oz)</p><a href="https://www.amazon.com/dp/B0000AXVCB?tag=eloabder-20&linkCode=osi&th=1&psc=1">View Product</a></div><div class="product"><a href="https://www.amazon.com/dp/B0007TR47G?tag=eloabder-20&linkCode=osi&th=1&psc=1"><img src="https://m.media-amazon.com/images/I/41Q4SzlVojL._SL500_.jpg" alt="Product Image"></a><p>Meguiar's Flagship Premium Marine Wax, Boat Polish and Oxidation Remover - 32 Oz Bottle</p><p>$21.49</p><a href="https://www.amazon.com/dp/B0007TR47G?tag=eloabder-20&linkCode=osi&th=1&psc=1">View Product</a></div><div class="product"><a href="https://www.amazon.com/dp/B006GJYLFY?tag=eloabder-20&linkCode=osi&th=1&psc=1"><img src="https://m.media-amazon.com/images/I/31G78TSjssL._SL500_.jpg" alt="Product Image"></a><p>Boat Bling Condition Sauce Premium Interior Moisturizer w/UV Protection, 32 oz.</p><p>$27.95</p><a href="https://www.amazon.com/dp/B006GJYLFY?tag=eloabder-20&linkCode=osi&th=1&psc=1">View Product</a></div><div class="product"><a href="https://www.amazon.com/dp/B006GJYKWI?tag=eloabder-20&linkCode=osi&th=1&psc=1"><img src="https://m.media-amazon.com/images/I/41AcDanNz-L._SL500_.jpg" alt="Product Image"></a><p>Boat Bling VS-0032 Vinyl Sauce Premium Vinyl and Leather Cleaner, 32 Oz., for Boats, RVs, Powersport Vehicles and More</p><p>$22.95 ($0.72 / Fl Oz)</p><a href="https://www.amazon.com/dp/B006GJYKWI?tag=eloabder-20&linkCode=osi&th=1&psc=1">View Product</a></div>
<div class="product"><a href="https://www.amazon.com/dp/B004OJTEKK?tag=eloabder-20&linkCode=osi&th=1&psc=1"><img src="https://m.media-amazon.com/images/I/41q8kkNiKOL._SL500_.jpg" alt="Product Image"></a><p>Shurhold Yacht Brite YBP-0302 Brite Wash - 1 Gallon</p><p>$23.97 ($0.19 / Fl Oz)</p><a href="https://www.amazon.com/dp/B004OJTEKK?tag=eloabder-20&linkCode=osi&th=1&psc=1">View Product</a></div>




<div class="product"><a href="https://www.amazon.com/dp/B0B2RDZNZB?tag=eloabder-20&linkCode=osi&th=1&psc=1"><img src="https://m.media-amazon.com/images/I/51RVSUoRuGL._SL500_.jpg" alt="Product Image"></a><p>Fancemot Helicopter Car Air Fresheners Rotating Solar Car Fresheners Airplane Car Perfume (Osmanthus & Vanilla)</p><p>$14.08</p><a href="https://www.amazon.com/dp/B0B2RDZNZB?tag=eloabder-20&linkCode=osi&th=1&psc=1">View Product</a></div><div class="product"><a href="https://www.amazon.com/dp/B0994PG1ZD?tag=eloabder-20&linkCode=osi&th=1&psc=1"><img src="https://m.media-amazon.com/images/I/413er0A8cVS._SL500_.jpg" alt="Product Image"></a><p>NICEADA Car Air Freshener, Helicopter Solar Energy Rotating Aromatherapy Aviation Al Alloy Diffuser, Interior Decoration Accessories Diffuser for Car and Home (Silver)</p><p>$23.99</p><a href="https://www.amazon.com/dp/B0994PG1ZD?tag=eloabder-20&linkCode=osi&th=1&psc=1">View Product</a></div><div class="product"><a href="https://www.amazon.com/dp/B09ZTMZKSJ?tag=eloabder-20&linkCode=osi&th=1&psc=1"><img src="https://m.media-amazon.com/images/I/41rz5PydC9L._SL500_.jpg" alt="Product Image"></a><p>Air Freshener, Gigicloud Car Fragrance Diffuser Solar Rotating Automotive Air Fresheners Ornament Helicopter Shape Solid Aromatherapy Decoration for Car and Home (Black)</p><p>$15.49</p><a href="https://www.amazon.com/dp/B09ZTMZKSJ?tag=eloabder-20&linkCode=osi&th=1&psc=1">View Product</a></div><div class="product"><a href="https://www.amazon.com/dp/B0CWNNPCD3?tag=eloabder-20&linkCode=osi&th=1&psc=1"><img src="https://m.media-amazon.com/images/I/51nznnJJhfL._SL500_.jpg" alt="Product Image"></a><p>Car Air Freshener Diffuser, KaiDengZhe 1PCS Helicopter Solar Energy Rotating Aromatherapy Aviation Al Alloy Diffuser, Car Diffuser for Essential Oils, Relieve Stress and Purifie Odors for Car and Home</p><p>$15.99</p><a href="https://www.amazon.com/dp/B0CWNNPCD3?tag=eloabder-20&linkCode=osi&th=1&psc=1">View Product</a></div><div class="product"><a href="https://www.amazon.com/dp/B0B8T47G65?tag=eloabder-20&linkCode=osi&th=1&psc=1"><img src="https://m.media-amazon.com/images/I/41d6cgVheqL._SL500_.jpg" alt="Product Image"></a><p>Joyfunky Car Air Fresheners with Solar Rotating, Creative Car Perfume Decoration, Relieve Stress and Purifie Odors, Use at Car, office and Home, Silver</p><p>$12.99</p><a href="https://www.amazon.com/dp/B0B8T47G65?tag=eloabder-20&linkCode=osi&th=1&psc=1">View Product</a></div><div class="product"><a href="https://www.amazon.com/dp/B0D4ZHJVK8?tag=eloabder-20&linkCode=osi&th=1&psc=1"><img src="https://m.media-amazon.com/images/I/41sEhsjtb4L._SL500_.jpg" alt="Product Image"></a><p>NICEADA Helicopter Solar Car Air Freshener Refill Set, Solar Essential Oil Refill Perfume Oil for Car Air Fresheners(4 Packs)</p><p>$21.99 ($24.99 / Fl Oz)</p><a href="https://www.amazon.com/dp/B0D4ZHJVK8?tag=eloabder-20&linkCode=osi&th=1&psc=1">View Product</a></div><div class="product"><a href="https://www.amazon.com/dp/B0D251XW47?tag=eloabder-20&linkCode=osi&th=1&psc=1"><img src="https://m.media-amazon.com/images/I/41x6lmNq9fL._SL500_.jpg" alt="Product Image"></a><p>Helicopter Car Air Fresheners with Solar Rotating, Creative Car Perfume Decoration, Car Airplane Fragrance Diffuser for Car, Home, Office (Silver)</p><p>$13.09</p><a href="https://www.amazon.com/dp/B0D251XW47?tag=eloabder-20&linkCode=osi&th=1&psc=1">View Product</a></div>

<div class="product"><a href="https://www.amazon.com/dp/B0D4154TQG?tag=eloabder-20&linkCode=osi&th=1&psc=1"><img src="https://m.media-amazon.com/images/I/217Iw-nO3UL._SL500_.jpg" alt="Product Image"></a><p>RV Curtain Glide Tape A115, 1/2 Inch Glides Clear RV Curtain Strip Curtain Slide Tape 72 Inches Long Use with Ceiling or Wall Mount Curtain Track A201 A202 (2 Pack)</p><p>$17.99</p><a href="https://www.amazon.com/dp/B0D4154TQG?tag=eloabder-20&linkCode=osi&th=1&psc=1">View Product</a></div>
<div class="product"><a href="https://www.amazon.com/dp/B08W4PQN8L?tag=eloabder-20&linkCode=osi&th=1&psc=1"><img src="https://m.media-amazon.com/images/I/41udmrd6QTL._SL500_.jpg" alt="Product Image"></a><p>Hot Air Balloon Novelty Air Freshener for Car - Sandalwood Scented Automotive Accessory New Mexico Souvenir Gift (Pack of 4)</p><p>$7.99 ($2.00 / Count)</p><a href="https://www.amazon.com/dp/B08W4PQN8L?tag=eloabder-20&linkCode=osi&th=1&psc=1">View Product</a></div>















<div class="product"><a href="https://www.amazon.com/dp/B0CP87K2VD?tag=eloabder-20&linkCode=osi&th=1&psc=1"><img src="https://m.media-amazon.com/images/I/41dTH4OPkcL._SL500_.jpg" alt="Product Image"></a><p>For harley air cleaner filter Touring street glide road king electra tri trike Dyna Sportster XL 883 1200 Softail air intake (Drift style -Contrast Cut, C-For Touring 08-16, Softail 16-17)</p><p>$125.00</p><a href="https://www.amazon.com/dp/B0CP87K2VD?tag=eloabder-20&linkCode=osi&th=1&psc=1">View Product</a></div><div class="product"><a href="https://www.amazon.com/dp/B08DNLNY3G?tag=eloabder-20&linkCode=osi&th=1&psc=1"><img src="https://m.media-amazon.com/images/I/51baNj3o8CL._SL500_.jpg" alt="Product Image"></a><p>2963308 HD1508 Ultra Classic Air Filter Cleaner for 2008-2014 Harley Davidson Street Glide, Electra Glide, Road King, Road Glide Custom, Ultra Classic and other select models HD-1508</p><p>$21.99</p><a href="https://www.amazon.com/dp/B08DNLNY3G?tag=eloabder-20&linkCode=osi&th=1&psc=1">View Product</a></div><div class="product"><a href="https://www.amazon.com/dp/B0CQ2KKC3N?tag=eloabder-20&linkCode=osi&th=1&psc=1"><img src="https://m.media-amazon.com/images/I/31W2a0gAwIL._SL500_.jpg" alt="Product Image"></a><p>High-Flo Replacement Air Filter Element For Ventilator - Milwaukee-Eight Engine '18-later Softail and '17-later Touring and Trike Models Equipped with 114 Air Cleaner</p><p>$39.99</p><a href="https://www.amazon.com/dp/B0CQ2KKC3N?tag=eloabder-20&linkCode=osi&th=1&psc=1">View Product</a></div><div class="product"><a href="https://www.amazon.com/dp/B0CPJ5BSGM?tag=eloabder-20&linkCode=osi&th=1&psc=1"><img src="https://m.media-amazon.com/images/I/41cUadnGKpL._SL500_.jpg" alt="Product Image"></a><p>For harley air cleaner filter sportster street road glide king for harley davidson motorcycle air intake (Nake style -Black, A-For Sportster XL models)</p><p>$169.00</p><a href="https://www.amazon.com/dp/B0CPJ5BSGM?tag=eloabder-20&linkCode=osi&th=1&psc=1">View Product</a></div><div class="product"><a href="https://www.amazon.com/dp/B0CR17NS1M?tag=eloabder-20&linkCode=osi&th=1&psc=1"><img src="https://m.media-amazon.com/images/I/41n57oM0A-L._SL500_.jpg" alt="Product Image"></a><p>For harley air cleaner filter Sportster Softail Touring street road king glide Dyna for harley davidson air intake filters (Speed 7 style -gray filter, C-For Touring 08-16, Softail 16-17)</p><p>$89.00</p><a href="https://www.amazon.com/dp/B0CR17NS1M?tag=eloabder-20&linkCode=osi&th=1&psc=1">View Product</a></div><div class="product"><a href="https://www.amazon.com/dp/B0CR167HDN?tag=eloabder-20&linkCode=osi&th=1&psc=1"><img src="https://m.media-amazon.com/images/I/41o4byfzbRL._SL500_.jpg" alt="Product Image"></a><p>For harley davidson air cleaner filter sportster Touring street glide road king electra Dyna Softail motorcycle air intake (Chromed- gray filter, C-For Touring 2008-2016)</p><p>$99.00</p><a href="https://www.amazon.com/dp/B0CR167HDN?tag=eloabder-20&linkCode=osi&th=1&psc=1">View Product</a></div>







<div class="product"><a href="https://www.amazon.com/dp/B08WH8CWDM?tag=eloabder-20&linkCode=osi&th=1&psc=1"><img src="https://m.media-amazon.com/images/I/41Jj3ouB+1L._SL500_.jpg" alt="Product Image"></a><p>Glaze 'N Seal Color Enhancer Paver Sealer, 1 Gallon (923)</p><p>$62.99</p><a href="https://www.amazon.com/dp/B08WH8CWDM?tag=eloabder-20&linkCode=osi&th=1&psc=1">View Product</a></div>

<div class="product"><a href="https://www.amazon.com/dp/B0B58G8WRX?tag=eloabder-20&linkCode=osi&th=1&psc=1"><img src="https://m.media-amazon.com/images/I/41hjxJMTGJL._SL500_.jpg" alt="Product Image"></a><p>Solarhome Air Filter 333-D2696 333D2696 Compatible with JCB Backhoe Loader 3CX 4CX Telehandler 531-70</p><p>$34.50</p><a href="https://www.amazon.com/dp/B0B58G8WRX?tag=eloabder-20&linkCode=osi&th=1&psc=1">View Product</a></div>




<div class="product"><a href="https://www.amazon.com/dp/B07G7XG6BV?tag=eloabder-20&linkCode=osi&th=1&psc=1"><img src="https://m.media-amazon.com/images/I/510tZGutn6L._SL500_.jpg" alt="Product Image"></a><p>Holikme 6Pack Cleaning Brush Power Scrubber Cleaning Brush Extended Long Attachment Set All Purpose Scrub Brushes Kit for Grout, Floor, Tub, Shower, Tile, Bathroom,Car Cleaning Brush，Yellow</p><p>$6.95</p><a href="https://www.amazon.com/dp/B07G7XG6BV?tag=eloabder-20&linkCode=osi&th=1&psc=1">View Product</a></div>



<div class="product"><a href="https://www.amazon.com/dp/B000FW2NWQ?tag=eloabder-20&linkCode=osi&th=1&psc=1"><img src="https://m.media-amazon.com/images/I/31VlBDw7uDL._SL500_.jpg" alt="Product Image"></a><p>Performance Tool W233 12-Inch Long Reach Extension Scraper with 3pc Double Edged Plastic Razor Scraper Blades and 3pc Carbon Steel Razor Scraper Blades</p><p>$10.31</p><a href="https://www.amazon.com/dp/B000FW2NWQ?tag=eloabder-20&linkCode=osi&th=1&psc=1">View Product</a></div>
<div class="product"><a href="https://www.amazon.com/dp/B0BV2CQ5SW?tag=eloabder-20&linkCode=osi&th=1&psc=1"><img src="https://m.media-amazon.com/images/I/51VkTDjGg4L._SL500_.jpg" alt="Product Image"></a><p>Filterelated Mixed Bed Deionized Di Resin Filter Fill, Suitable For Spotless Car Wash System Filter Change, Tds Filter, Aquarium Filter, Deionized Car Wash,5 Liters</p><p>$49.99</p><a href="https://www.amazon.com/dp/B0BV2CQ5SW?tag=eloabder-20&linkCode=osi&th=1&psc=1">View Product</a></div><div class="product"><a href="https://www.amazon.com/dp/B01MRVQ9UE?tag=eloabder-20&linkCode=osi&th=1&psc=1"><img src="https://m.media-amazon.com/images/I/51+i6fjU6tL._SL500_.jpg" alt="Product Image"></a><p>Husqvarna XP Pre-Mixed Fuel and Engine Oil Quart (3 Pack),Blue</p><p>$32.99 ($0.34 / Count)</p><a href="https://www.amazon.com/dp/B01MRVQ9UE?tag=eloabder-20&linkCode=osi&th=1&psc=1">View Product</a></div>




<div class="product"><a href="https://www.amazon.com/dp/B01N2G2NEJ?tag=eloabder-20&linkCode=osi&th=1&psc=1"><img src="https://m.media-amazon.com/images/I/41-5g4zEDpL._SL500_.jpg" alt="Product Image"></a><p>Chemical Guys SPI10816 Heavy Duty Water Spot Remover, Safe for Cars, Trucks, Motorcycles, RVs & More, 16 fl oz</p><p>$17.97 ($1.12 / Fl Oz)</p><a href="https://www.amazon.com/dp/B01N2G2NEJ?tag=eloabder-20&linkCode=osi&th=1&psc=1">View Product</a></div>









<div class="product"><a href="https://www.amazon.com/dp/B08YRVH2QV?tag=eloabder-20&linkCode=osi&th=1&psc=1"><img src="https://m.media-amazon.com/images/I/5164O-Jr2QL._SL500_.jpg" alt="Product Image"></a><p>Thetford AquaMAX Summer Cypress Scent RV Holding Tank Treatment, Formaldehyde Free, Waste Digester, Septic Tank Safe, 5 Gallon Bottle (96754)</p><p>$248.18</p><a href="https://www.amazon.com/dp/B08YRVH2QV?tag=eloabder-20&linkCode=osi&th=1&psc=1">View Product</a></div><div class="product"><a href="https://www.amazon.com/dp/B0BPMW7485?tag=eloabder-20&linkCode=osi&th=1&psc=1"><img src="https://m.media-amazon.com/images/I/51WNuQeew7L._SL500_.jpg" alt="Product Image"></a><p>XFasten Butyl Tape Black 1/2” x 30’ x 1/8" Butyl Sealant Tape Headlight Sealant Putty Tape | Black Butyl Caulking Tape | Butyl Tape RV Putty Tape EPDM Automotive Butyl Rubber Window Sealant for RV</p><p>$13.99 ($0.47 / Foot)</p><a href="https://www.amazon.com/dp/B0BPMW7485?tag=eloabder-20&linkCode=osi&th=1&psc=1">View Product</a></div>
<div class="product"><a href="https://www.amazon.com/dp/B006DXWZQU?tag=eloabder-20&linkCode=osi&th=1&psc=1"><img src="https://m.media-amazon.com/images/I/41wtqfFFfQL._SL500_.jpg" alt="Product Image"></a><p>FRAM Ultra Synthetic Automotive Replacement Oil Filter, Designed for Synthetic Oil Changes Lasting up to 20k Miles, XG10575 with SureGrip (Pack of 1)</p><p>$10.79</p><a href="https://www.amazon.com/dp/B006DXWZQU?tag=eloabder-20&linkCode=osi&th=1&psc=1">View Product</a></div><div class="product"><a href="https://www.amazon.com/dp/B01LH7L0XA?tag=eloabder-20&linkCode=osi&th=1&psc=1"><img src="https://m.media-amazon.com/images/I/41yD3QmbyZL._SL500_.jpg" alt="Product Image"></a><p>Shell Rotella T4 Triple Protection Conventional 15W-40 Diesel Engine Oil (1-Gallon, Single Pack)</p><p>$15.98 ($0.12 / Fl Oz)</p><a href="https://www.amazon.com/dp/B01LH7L0XA?tag=eloabder-20&linkCode=osi&th=1&psc=1">View Product</a></div><div class="product"><a href="https://www.amazon.com/dp/B00ICSWGJ0?tag=eloabder-20&linkCode=osi&th=1&psc=1"><img src="https://m.media-amazon.com/images/I/41Ahz5dVc5L._SL500_.jpg" alt="Product Image"></a><p>Castrol Edge 5W-30 Advanced Full Synthetic Motor Oil, 5 Quarts</p><p>$24.72 ($0.15 / Fl Oz)</p><a href="https://www.amazon.com/dp/B00ICSWGJ0?tag=eloabder-20&linkCode=osi&th=1&psc=1">View Product</a></div><div class="product"><a href="https://www.amazon.com/dp/B01N8RPDT8?tag=eloabder-20&linkCode=osi&th=1&psc=1"><img src="https://m.media-amazon.com/images/I/41Qm+9e8sCL._SL500_.jpg" alt="Product Image"></a><p>Motorcraft - Oil - Engine (XO10W305Q3SD)</p><p>$32.27</p><a href="https://www.amazon.com/dp/B01N8RPDT8?tag=eloabder-20&linkCode=osi&th=1&psc=1">View Product</a></div>
<div class="product"><a href="https://www.amazon.com/dp/B07FTRZLM5?tag=eloabder-20&linkCode=osi&th=1&psc=1"><img src="https://m.media-amazon.com/images/I/416uoNYOsXL._SL500_.jpg" alt="Product Image"></a><p>Chemical Guys HOL126 14-Piece Arsenal Builder Car Wash Kit with Foam Gun, Bucket, and (5) 16 oz Car Care Cleaning Chemicals, Gift for Car & Truck Lovers, Dads and DIYers (Works w/Garden Hose)</p><p>$119.99</p><a href="https://www.amazon.com/dp/B07FTRZLM5?tag=eloabder-20&linkCode=osi&th=1&psc=1">View Product</a></div><div class="product"><a href="https://www.amazon.com/dp/B0741RL23Q?tag=eloabder-20&linkCode=osi&th=1&psc=1"><img src="https://m.media-amazon.com/images/I/410wwKZBYVL._SL500_.jpg" alt="Product Image"></a><p>Chemical Guys SPI220 Total Interior Cleaner and Protectant, Safe for Cars, Trucks, SUVs, Jeeps, Motorcycles, RVs & More, 128 fl oz (1 Gallon)</p><p>$54.99 ($0.43 / Fl Oz)</p><a href="https://www.amazon.com/dp/B0741RL23Q?tag=eloabder-20&linkCode=osi&th=1&psc=1">View Product</a></div><div class="product"><a href="https://www.amazon.com/dp/B002J7VX4Y?tag=eloabder-20&linkCode=osi&th=1&psc=1"><img src="https://m.media-amazon.com/images/I/41oijnffQ0L._SL500_.jpg" alt="Product Image"></a><p>Chemical Guys AIR_101_16 New Car Smell Premium Air Freshener and Odor Eliminator, Long-Lasting Scent, Great for Cars, Trucks, SUVs, RVs & More, 16 fl oz</p><p>$10.99 ($0.69 / Fl Oz)</p><a href="https://www.amazon.com/dp/B002J7VX4Y?tag=eloabder-20&linkCode=osi&th=1&psc=1">View Product</a></div><div class="product"><a href="https://www.amazon.com/dp/B077TPG55M?tag=eloabder-20&linkCode=osi&th=1&psc=1"><img src="https://m.media-amazon.com/images/I/51aYksYRthL._SL500_.jpg" alt="Product Image"></a><p>Chemical Guys CWS20264 Tough Mudder Foaming Truck, Off Road, ATV and RV Heavy Duty Wash Soap,(Works with Foam Cannons, Foam Guns or Bucket Washes), 64 fl oz (Half Gallon), Lemon Scent</p><p>$39.99 ($0.62 / Fl Oz)</p><a href="https://www.amazon.com/dp/B077TPG55M?tag=eloabder-20&linkCode=osi&th=1&psc=1">View Product</a></div><div class="product"><a href="https://www.amazon.com/dp/B00BJCAPEE?tag=eloabder-20&linkCode=osi&th=1&psc=1"><img src="https://m.media-amazon.com/images/I/416RIPKVW1L._SL500_.jpg" alt="Product Image"></a><p>Chemical Guys CWS_402 Mr. Pink Foaming Car Wash Soap (Works with Foam Cannons, Foam Guns or Bucket Washes) Safe for Cars, Trucks, Motorcycles, RVs & More, 128 fl oz, Candy Scent</p><p>$39.99 ($0.31 / Fl Oz)</p><a href="https://www.amazon.com/dp/B00BJCAPEE?tag=eloabder-20&linkCode=osi&th=1&psc=1">View Product</a></div><div class="product"><a href="https://www.amazon.com/dp/B01C6AISUK?tag=eloabder-20&linkCode=osi&th=1&psc=1"><img src="https://m.media-amazon.com/images/I/41FrDCDPB6S._SL500_.jpg" alt="Product Image"></a><p>Chemical Guys CLD_700_16 Mat Renew Rubber + Vinyl Floor Mat Cleaner And Protectant, Safe for Cars, Trucks, SUVs, Motorcycles, RVs & More, 16 fl oz</p><p>$10.99 ($0.69 / Fl Oz)</p><a href="https://www.amazon.com/dp/B01C6AISUK?tag=eloabder-20&linkCode=osi&th=1&psc=1">View Product</a></div><div class="product"><a href="https://www.amazon.com/dp/B01N76S0A7?tag=eloabder-20&linkCode=osi&th=1&psc=1"><img src="https://m.media-amazon.com/images/I/51jurhYPCgL._SL500_.jpg" alt="Product Image"></a><p>Chemical Guys HOL131 Premium Chenille Microfiber Car Wash Mop and Heavy Duty Extendable Pole Kit (Great for RVs, Trucks, SUVs, Jeeps & Large Vehicles), With Mr. Pink Foaming Car Wash Soap - 4 fl oz</p><p>$49.99</p><a href="https://www.amazon.com/dp/B01N76S0A7?tag=eloabder-20&linkCode=osi&th=1&psc=1">View Product</a></div><div class="product"><a href="https://www.amazon.com/dp/B009OTW646?tag=eloabder-20&linkCode=osi&th=1&psc=1"><img src="https://m.media-amazon.com/images/I/41lG36UqLBL._SL500_.jpg" alt="Product Image"></a><p>Chemical Guys CWS 110 Honeydew Snow Foam Car Wash Soap (Works with Foam Cannons, Guns or Bucket Washes) Safe for Trucks, Motorcycles, RVs & More, 128 fl oz (1 Gallon), Honeydew Scent</p><p>$39.99 ($0.31 / Fl Oz)</p><a href="https://www.amazon.com/dp/B009OTW646?tag=eloabder-20&linkCode=osi&th=1&psc=1">View Product</a></div><div class="product"><a href="https://www.amazon.com/dp/B08P54Z2C2?tag=eloabder-20&linkCode=osi&th=1&psc=1"><img src="https://m.media-amazon.com/images/I/41Ra65iS2OL._SL500_.jpg" alt="Product Image"></a><p>Chemical Guys WAC23316 HydroSpeed Ceramic Quick Detailer, Safe for Cars, Trucks, SUVs, Motorcycles, RVs & More, 16 fl oz</p><p>$24.99</p><a href="https://www.amazon.com/dp/B08P54Z2C2?tag=eloabder-20&linkCode=osi&th=1&psc=1">View Product</a></div>
<div class="product"><a href="https://www.amazon.com/dp/B0C7WLPQC7?tag=eloabder-20&linkCode=osi&th=1&psc=1"><img src="https://m.media-amazon.com/images/I/41hJeSxsSWL._SL500_.jpg" alt="Product Image"></a><p>Detail King Car Odor Removal - Chlorine Dioxide Cup - Extreme Odor Eliminator For Car - Safe And Easy To Use (3 Oz (Pack of 1) - Plastic)</p><p>$24.95 ($8.32 / Ounce)</p><a href="https://www.amazon.com/dp/B0C7WLPQC7?tag=eloabder-20&linkCode=osi&th=1&psc=1">View Product</a></div>

<div class="product"><a href="https://www.amazon.com/dp/B0052XFWCG?tag=eloabder-20&linkCode=osi&th=1&psc=1"><img src="https://m.media-amazon.com/images/I/41qajeJVXLL._SL500_.jpg" alt="Product Image"></a><p>Hot Shot's Secret HSS64Z Original Stiction Eliminator 64 Fluid Ounce Bottle, Green</p><p>$53.45 ($0.84 / Fl Oz)</p><a href="https://www.amazon.com/dp/B0052XFWCG?tag=eloabder-20&linkCode=osi&th=1&psc=1">View Product</a></div><div class="product"><a href="https://www.amazon.com/dp/B009M64CAW?tag=eloabder-20&linkCode=osi&th=1&psc=1"><img src="https://m.media-amazon.com/images/I/417D8X0nkBL._SL500_.jpg" alt="Product Image"></a><p>Lucas Oil 10679 Hot Rod & Classic Car SAE 10W-30 Motor Oil - 5 Quart</p><p>$38.50 ($0.24 / Fl Oz)</p><a href="https://www.amazon.com/dp/B009M64CAW?tag=eloabder-20&linkCode=osi&th=1&psc=1">View Product</a></div><div class="product"><a href="https://www.amazon.com/dp/B01L9ARY9O?tag=eloabder-20&linkCode=osi&th=1&psc=1"><img src="https://m.media-amazon.com/images/I/51yaZAYH75L._SL500_.jpg" alt="Product Image"></a><p>FPPF Chemical Co 00161 16 OZ HOT 4-in-1 Heating Oil Treatment (2 Bottles)</p><p>$26.42</p><a href="https://www.amazon.com/dp/B01L9ARY9O?tag=eloabder-20&linkCode=osi&th=1&psc=1">View Product</a></div><div class="product"><a href="https://www.amazon.com/dp/B009M64CUM?tag=eloabder-20&linkCode=osi&th=1&psc=1"><img src="https://m.media-amazon.com/images/I/41yiWaF8YQL._SL500_.jpg" alt="Product Image"></a><p>Lucas Oil 10683 Hot Rod & Classic Car SAE 10W-40 Motor Oil - 5 Quart</p><p>$43.24 ($0.27 / Fl Oz)</p><a href="https://www.amazon.com/dp/B009M64CUM?tag=eloabder-20&linkCode=osi&th=1&psc=1">View Product</a></div><div class="product"><a href="https://www.amazon.com/dp/B0973HNRH9?tag=eloabder-20&linkCode=osi&th=1&psc=1"><img src="https://m.media-amazon.com/images/I/41kyGGJa--L._SL500_.jpg" alt="Product Image"></a><p>Hot Shot's Secret FR3 Friction Reducer 64 Fluid Ounce 2 Quarts, Light Yellow Liquid, (HSSFR364Z)</p><p>$59.73 ($0.93 / Fl Oz)</p><a href="https://www.amazon.com/dp/B0973HNRH9?tag=eloabder-20&linkCode=osi&th=1&psc=1">View Product</a></div><div class="product"><a href="https://www.amazon.com/dp/B082YFQQ25?tag=eloabder-20&linkCode=osi&th=1&psc=1"><img src="https://m.media-amazon.com/images/I/511PTX7LlZL._SL500_.jpg" alt="Product Image"></a><p>Hot Shot's Secret Green Diamond 100 Percent Synthetic 15W40 Oil Diesel 1 Gallon</p><p>$39.99 ($0.31 / Fl Oz)</p><a href="https://www.amazon.com/dp/B082YFQQ25?tag=eloabder-20&linkCode=osi&th=1&psc=1">View Product</a></div>















<div class="product"><a href="https://www.amazon.com/dp/B08PTMXCJL?tag=eloabder-20&linkCode=osi&th=1&psc=1"><img src="https://m.media-amazon.com/images/I/410eJv-7UHL._SL500_.jpg" alt="Product Image"></a><p>Moly Grease | 3% Molybdenum Disulfide | Fifth Wheel | 5th | Automotive | Tractor | Axle | Spline | CV Joint | Lithium EP Grease | High Temp | 35 LB Pail Bucket | Black Moly | NLGI 2 | HeavyDuty Moly</p><p>$174.99 ($0.31 / Ounce)</p><a href="https://www.amazon.com/dp/B08PTMXCJL?tag=eloabder-20&linkCode=osi&th=1&psc=1">View Product</a></div><div class="product"><a href="https://www.amazon.com/dp/B08PTHJTK5?tag=eloabder-20&linkCode=osi&th=1&psc=1"><img src="https://m.media-amazon.com/images/I/41VdMjJ38aL._SL500_.jpg" alt="Product Image"></a><p>Wheel Bearing Grease Pail | Lithium Complex | High Temp EP | CV Joint | Axle | Automotive | Tractor | Truck | Ball Joint | Marine Boat | Gear | Heavy Duty | Blue | 35 LB Bucket | NLGI 2 | MultiPurpose</p><p>$167.99 ($0.30 / Ounce)</p><a href="https://www.amazon.com/dp/B08PTHJTK5?tag=eloabder-20&linkCode=osi&th=1&psc=1">View Product</a></div><div class="product"><a href="https://www.amazon.com/dp/B0013J1UA6?tag=eloabder-20&linkCode=osi&th=1&psc=1"><img src="https://m.media-amazon.com/images/I/41G0Fkf7KnL._SL500_.jpg" alt="Product Image"></a><p>CRC Food Grade Chain Lube 03055 – 12 Wt. Oz. Aerosol, NSF H1 Gear, Chain, and Wire Lubricant</p><p>$19.25 ($1.60 / Ounce)</p><a href="https://www.amazon.com/dp/B0013J1UA6?tag=eloabder-20&linkCode=osi&th=1&psc=1">View Product</a></div>





<div class="product"><a href="https://www.amazon.com/dp/B08GQ9G2V5?tag=eloabder-20&linkCode=osi&th=1&psc=1"><img src="https://m.media-amazon.com/images/I/511+rapOlWL._SL500_.jpg" alt="Product Image"></a><p>Armor All Car Air Freshener and Purifier, Car Odor Eliminator, 1.5 Ounce (Pack of 3)</p><p>$21.21 ($4.71 / Ounce)</p><a href="https://www.amazon.com/dp/B08GQ9G2V5?tag=eloabder-20&linkCode=osi&th=1&psc=1">View Product</a></div>







<div class="product"><a href="https://www.amazon.com/dp/B001229JCU?tag=eloabder-20&linkCode=osi&th=1&psc=1"><img src="https://m.media-amazon.com/images/I/31W6FuKPMcL._SL500_.jpg" alt="Product Image"></a><p>First Alert EZ Fire Spray, Extinguishing Aerosol Spray, AF400 Red 18 Ounce (Pack of 1)</p><p>$12.49</p><a href="https://www.amazon.com/dp/B001229JCU?tag=eloabder-20&linkCode=osi&th=1&psc=1">View Product</a></div><div class="product"><a href="https://www.amazon.com/dp/B002U0KGDY?tag=eloabder-20&linkCode=osi&th=1&psc=1"><img src="https://m.media-amazon.com/images/I/51p6R+mcRhL._SL500_.jpg" alt="Product Image"></a><p>First Alert EZ Fire Spray, Extinguishing Aerosol Spray, Pack of 2, AF400-2, RED</p><p>$27.02</p><a href="https://www.amazon.com/dp/B002U0KGDY?tag=eloabder-20&linkCode=osi&th=1&psc=1">View Product</a></div>
<div class="product"><a href="https://www.amazon.com/dp/B0088LVBUQ?tag=eloabder-20&linkCode=osi&th=1&psc=1"><img src="https://m.media-amazon.com/images/I/31h7l-l6u2L._SL500_.jpg" alt="Product Image"></a><p>Seymour EN-59 Hi-Tech Engine Spray Paint, General Motors Red</p><p>$9.08 ($0.76 / Ounce)</p><a href="https://www.amazon.com/dp/B0088LVBUQ?tag=eloabder-20&linkCode=osi&th=1&psc=1">View Product</a></div>




<div class="product"><a href="https://www.amazon.com/dp/B000HBNU9K?tag=eloabder-20&linkCode=osi&th=1&psc=1"><img src="https://m.media-amazon.com/images/I/41URzfKaVsL._SL500_.jpg" alt="Product Image"></a><p>Permatex 27828 Body Shop Heavy Duty Headliner Adhesive, High-Strength Spray Adhesive, Repair Detached Or Loose Interior Parts, Dries Clear, Aerosol Can, 16.75 Oz</p><p>$17.05 ($1.02 / Ounce)</p><a href="https://www.amazon.com/dp/B000HBNU9K?tag=eloabder-20&linkCode=osi&th=1&psc=1">View Product</a></div><div class="product"><a href="https://www.amazon.com/dp/B001VXXEXU?tag=eloabder-20&linkCode=osi&th=1&psc=1"><img src="https://m.media-amazon.com/images/I/5112onMwzaL._SL500_.jpg" alt="Product Image"></a><p>Vibra-TITE 213 Red VC-3 Original Threadmate, 250ml Can</p><p>$99.19</p><a href="https://www.amazon.com/dp/B001VXXEXU?tag=eloabder-20&linkCode=osi&th=1&psc=1">View Product</a></div><div class="product"><a href="https://www.amazon.com/dp/B0CWPSLTR1?tag=eloabder-20&linkCode=osi&th=1&psc=1"><img src="https://m.media-amazon.com/images/I/31ytleZjjaL._SL500_.jpg" alt="Product Image"></a><p>P & S PROFESSIONAL DETAIL PRODUCTS - Terminator Enzyme Spot and Stain Remover - Perfect for Deodorizing, Removing Embedded Soils, Grease, Dirt, and Protein-Based Stains; Fresh Scent (1 Quart)</p><p>$25.95 ($0.81 / Fl Oz)</p><a href="https://www.amazon.com/dp/B0CWPSLTR1?tag=eloabder-20&linkCode=osi&th=1&psc=1">View Product</a></div><div class="product"><a href="https://www.amazon.com/dp/B07GFNQL9H?tag=eloabder-20&linkCode=osi&th=1&psc=1"><img src="https://m.media-amazon.com/images/I/41AA3Nbt8OL._SL500_.jpg" alt="Product Image"></a><p>Gunk FEB1 Foamy Engine Brite Engine Cleaner - 17oz. 2 Pack</p><p>$17.95 ($0.53 / Ounce)</p><a href="https://www.amazon.com/dp/B07GFNQL9H?tag=eloabder-20&linkCode=osi&th=1&psc=1">View Product</a></div>



<div class="product"><a href="https://www.amazon.com/dp/B003SKCARK?tag=eloabder-20&linkCode=osi&th=1&psc=1"><img src="https://m.media-amazon.com/images/I/41rvU5irgRL._SL500_.jpg" alt="Product Image"></a><p>Obenauf's Heavy Duty LP Leather Preservative (4oz)- All Natural Beeswax Oil Conditioner- Rejuvenate Restore & Preserve Sunfaded or Cracked Boots Jackets Saddles Car Auto Upholstery Furniture- USA Made</p><p>$15.99</p><a href="https://www.amazon.com/dp/B003SKCARK?tag=eloabder-20&linkCode=osi&th=1&psc=1">View Product</a></div>
Aucun résultat trouvé.

<div class="product"><a href="https://www.amazon.com/dp/B0CLWDDWHX?tag=eloabder-20&linkCode=osi&th=1&psc=1"><img src="https://m.media-amazon.com/images/I/51HPMtia03L._SL500_.jpg" alt="Product Image"></a><p>Fire Fix Fire Extinguisher for Home 5-Pack | Made in USA | Emergency Fire Spray Foam for Apartment, Boat, Camping, Car, House, Kitchen & Vehicle | Safety & Survival | Compact, Small, Safe & Easy Use</p><p>$56.95</p><a href="https://www.amazon.com/dp/B0CLWDDWHX?tag=eloabder-20&linkCode=osi&th=1&psc=1">View Product</a></div><div class="product"><a href="https://www.amazon.com/dp/B0CKZF9H3D?tag=eloabder-20&linkCode=osi&th=1&psc=1"><img src="https://m.media-amazon.com/images/I/41+Q4YdByuL._SL500_.jpg" alt="Product Image"></a><p>Firexo All Fires Fire Extinguisher - Multipurpose Mini Aerosol - Pack of 6 - Home, Kitchen, Car, Garage, Boat, Caravan, Camping Household, ABC, Vehicle, Compact, RV, Emergency Equipment (0.1 Gal)</p><p>$139.99</p><a href="https://www.amazon.com/dp/B0CKZF9H3D?tag=eloabder-20&linkCode=osi&th=1&psc=1">View Product</a></div>
Aucun résultat trouvé.
Aucun résultat trouvé.






<div class="product"><a href="https://www.amazon.com/dp/B00FOKOKMU?tag=eloabder-20&linkCode=osi&th=1&psc=1"><img src="https://m.media-amazon.com/images/I/41KsUW-6WOL._SL500_.jpg" alt="Product Image"></a><p>The Original Leather Recoloring Balm by Furniture Clinic - 16 Colors - Leather Repair Kit for Furniture - Restore Couches, Car Seats & More - Leather Dye for Scratched and Faded Leather (Beige)</p><p>$29.95</p><a href="https://www.amazon.com/dp/B00FOKOKMU?tag=eloabder-20&linkCode=osi&th=1&psc=1">View Product</a></div>


<div class="product"><a href="https://www.amazon.com/dp/B0BQX6CPLS?tag=eloabder-20&linkCode=osi&th=1&psc=1"><img src="https://m.media-amazon.com/images/I/51OtuHOIJpL._SL500_.jpg" alt="Product Image"></a><p>Dry Stop Fire Spray by Prepared Hero - 8 Pack - Portable Fire Extinguisher for Home, Car, Garage, Kitchen - Works on Electrical, Grease, Battery Fires & More - Compact, Easy to Use</p><p>$143.99</p><a href="https://www.amazon.com/dp/B0BQX6CPLS?tag=eloabder-20&linkCode=osi&th=1&psc=1">View Product</a></div><div class="product"><a href="https://www.amazon.com/dp/B0BQX76B9K?tag=eloabder-20&linkCode=osi&th=1&psc=1"><img src="https://m.media-amazon.com/images/I/51iHCSuHw5L._SL500_.jpg" alt="Product Image"></a><p>Vapor Clean Fire Spray by Prepared Hero - 8 Pack - Portable Fire Extinguisher for Home, Car, Garage, Kitchen - Works on Electrical, Grease, Battery Fires & More - Compact, Easy to Use</p><p>$143.99</p><a href="https://www.amazon.com/dp/B0BQX76B9K?tag=eloabder-20&linkCode=osi&th=1&psc=1">View Product</a></div><div class="product"><a href="https://www.amazon.com/dp/B0C32NVZJZ?tag=eloabder-20&linkCode=osi&th=1&psc=1"><img src="https://m.media-amazon.com/images/I/61coxTM3mSL._SL500_.jpg" alt="Product Image"></a><p>Houandg Water-Based Fire Extinguisher- 2 Pack Portable Solution for All Fire Types in Homes, Vehicles, Kitchens - Prevents Re-Ignition</p><p>$33.98</p><a href="https://www.amazon.com/dp/B0C32NVZJZ?tag=eloabder-20&linkCode=osi&th=1&psc=1">View Product</a></div>
<div class="product"><a href="https://www.amazon.com/dp/B00L3W1OAO?tag=eloabder-20&linkCode=osi&th=1&psc=1"><img src="https://m.media-amazon.com/images/I/414uILMLuaL._SL500_.jpg" alt="Product Image"></a><p>Pro F/X Rubber Mask Grease Wheel - 1 Ounce - Trauma</p><p>$27.01</p><a href="https://www.amazon.com/dp/B00L3W1OAO?tag=eloabder-20&linkCode=osi&th=1&psc=1">View Product</a></div>
<div class="product"><a href="https://www.amazon.com/dp/B0CZ16SHCH?tag=eloabder-20&linkCode=osi&th=1&psc=1"><img src="https://m.media-amazon.com/images/I/31pYxaz4gYL._SL500_.jpg" alt="Product Image"></a><p>P & S PROFESSIONAL DETAIL PRODUCTS - Rehab - Paint Correction Creme Safe for All Paint Types and with Multiple pad Types - Easy-to-use-Formula Works at Any Stage of Paint Correction - 1 Quart</p><p>$56.95</p><a href="https://www.amazon.com/dp/B0CZ16SHCH?tag=eloabder-20&linkCode=osi&th=1&psc=1">View Product</a></div><div class="product"><a href="https://www.amazon.com/dp/B082BG8HLX?tag=eloabder-20&linkCode=osi&th=1&psc=1"><img src="https://m.media-amazon.com/images/I/31OAXbv7QFL._SL500_.jpg" alt="Product Image"></a><p>Lithium Auto Elixirs Color Crush- A rather intense approach to an Instant Detailer, Infused with color enhancing technology - Extremely Hydrophobic ingredients, long lasting Instant Detailer</p><p>$19.95 ($1.25 / Fl Oz)</p><a href="https://www.amazon.com/dp/B082BG8HLX?tag=eloabder-20&linkCode=osi&th=1&psc=1">View Product</a></div><div class="product"><a href="https://www.amazon.com/dp/B07MTPWZ76?tag=eloabder-20&linkCode=osi&th=1&psc=1"><img src="https://m.media-amazon.com/images/I/41v5yubrqoL._SL500_.jpg" alt="Product Image"></a><p>Lithium Seal and Squeal Paint Sealant/Polish - Incredible Shine and Lasting Protection - Curable Amino Functional Polymers Fused with Si02 Ceramic Nano Technology -Lasts for up to 12 Months (16 oz)</p><p>$39.99 ($2.50 / Ounce)</p><a href="https://www.amazon.com/dp/B07MTPWZ76?tag=eloabder-20&linkCode=osi&th=1&psc=1">View Product</a></div><div class="product"><a href="https://www.amazon.com/dp/B07MVNX377?tag=eloabder-20&linkCode=osi&th=1&psc=1"><img src="https://m.media-amazon.com/images/I/31gEqFf7rhL._SL500_.jpg" alt="Product Image"></a><p>Leather Love - The Best Leather Conditioner On The Planet, Brings Old Leather Back To Life, All Natural Ingredients Mixed With Serious Science, Restores, Rehydrates, Protects (8oz)</p><p>$28.99 ($3.62 / Ounce)</p><a href="https://www.amazon.com/dp/B07MVNX377?tag=eloabder-20&linkCode=osi&th=1&psc=1">View Product</a></div><div class="product"><a href="https://www.amazon.com/dp/B07MTQP514?tag=eloabder-20&linkCode=osi&th=1&psc=1"><img src="https://m.media-amazon.com/images/I/311IYwH-oaL._SL500_.jpg" alt="Product Image"></a><p>Trim Serum- Plastic Restorer- Restores Even the Most Damaged Plastic, Rubber and Vinyl, Last For Months, Penetrates Plastic Pores Restoring Color. (16 Oz)</p><p>$36.99</p><a href="https://www.amazon.com/dp/B07MTQP514?tag=eloabder-20&linkCode=osi&th=1&psc=1">View Product</a></div><div class="product"><a href="https://www.amazon.com/dp/B07236X7TS?tag=eloabder-20&linkCode=osi&th=1&psc=1"><img src="https://m.media-amazon.com/images/I/51-mgxYD9kL._SL500_.jpg" alt="Product Image"></a><p>Skidmore's Biker Edition Leather Cream | All Natural Formula Cleans, Conditions, and Protects your Motorcycle | Made in USA</p><p>$44.98</p><a href="https://www.amazon.com/dp/B07236X7TS?tag=eloabder-20&linkCode=osi&th=1&psc=1">View Product</a></div><div class="product"><a href="https://www.amazon.com/dp/B001CS6HH4?tag=eloabder-20&linkCode=osi&th=1&psc=1"><img src="https://m.media-amazon.com/images/I/41wY0SB+DWL._SL500_.jpg" alt="Product Image"></a><p>Fiebing's Yellow Saddle Soap for Leather (3.5 oz Tin) - Leather Cleaner & Conditioner to Soften, Protect & Restore Leathercraft - Leather Soap for Car Seat, Couch, Shoe, Purse, Boot, Bag, & Saddles</p><p>$7.15 ($2.04 / Ounce)</p><a href="https://www.amazon.com/dp/B001CS6HH4?tag=eloabder-20&linkCode=osi&th=1&psc=1">View Product</a></div><div class="product"><a href="https://www.amazon.com/dp/B08RHZ1BKD?tag=eloabder-20&linkCode=osi&th=1&psc=1"><img src="https://m.media-amazon.com/images/I/21WKh31c4tL._SL500_.jpg" alt="Product Image"></a><p>Lithium Ignite After Wash - Conditions and Shines Surfaces as You Dry. Streak-Free Hydrophobic Formula adds Lubrication to Stop Micro Scratching While Surfaces pop with Color.</p><p>$21.99 ($1.37 / Fl Oz)</p><a href="https://www.amazon.com/dp/B08RHZ1BKD?tag=eloabder-20&linkCode=osi&th=1&psc=1">View Product</a></div><div class="product"><a href="https://www.amazon.com/dp/B0003A1T3E?tag=eloabder-20&linkCode=osi&th=1&psc=1"><img src="https://m.media-amazon.com/images/I/41042PKJ1ZL._SL500_.jpg" alt="Product Image"></a><p>URAD One step All-In-One Leather conditioner 140g - NEUTRAL</p><p>$16.13</p><a href="https://www.amazon.com/dp/B0003A1T3E?tag=eloabder-20&linkCode=osi&th=1&psc=1">View Product</a></div>

<div class="product"><a href="https://www.amazon.com/dp/B0B3NFH3QY?tag=eloabder-20&linkCode=osi&th=1&psc=1"><img src="https://m.media-amazon.com/images/I/51sKVZnP-WL._SL500_.jpg" alt="Product Image"></a><p>Little Joe 96427-6PK I Love Hockey New Car Scent Red Car Air Freshener A/C Vent Clip Uses Alcohol-Free Fragrance Oil is Non-Hazardous and Non-Toxic Plastic, Pack of 6</p><p>$21.99 ($3.66 / Count)</p><a href="https://www.amazon.com/dp/B0B3NFH3QY?tag=eloabder-20&linkCode=osi&th=1&psc=1">View Product</a></div><div class="product"><a href="https://www.amazon.com/dp/B072275K82?tag=eloabder-20&linkCode=osi&th=1&psc=1"><img src="https://m.media-amazon.com/images/I/41wDnF6SiAL._SL500_.jpg" alt="Product Image"></a><p>Little Joe 96404-6PK Fruit Scent, Car Air Freshener, Clips to A/C Air Vent, Alcohol-Free Fragrance Oil, Non-Hazardous and Non-Toxic Plastic, Set of 6</p><p>$16.60 ($2.77 / Count)</p><a href="https://www.amazon.com/dp/B072275K82?tag=eloabder-20&linkCode=osi&th=1&psc=1">View Product</a></div><div class="product"><a href="https://www.amazon.com/dp/B0CQPQ2S4W?tag=eloabder-20&linkCode=osi&th=1&psc=1"><img src="https://m.media-amazon.com/images/I/31iRknmvjeL._SL500_.jpg" alt="Product Image"></a><p>Little Pup 96613 Blue Raspberry Slushy Scent Car Air Freshener A/C Vent Clip Uses Alcohol-Free Fragrance Oil is Non Hazardous and Non Toxic, Pack of 1</p><p>$3.94</p><a href="https://www.amazon.com/dp/B0CQPQ2S4W?tag=eloabder-20&linkCode=osi&th=1&psc=1">View Product</a></div><div class="product"><a href="https://www.amazon.com/dp/B0CQPNMTM4?tag=eloabder-20&linkCode=osi&th=1&psc=1"><img src="https://m.media-amazon.com/images/I/41eEovL+zML._SL500_.jpg" alt="Product Image"></a><p>Little Joe 96414-6PK Orange Creamsicle Scent Car Air Freshener A/C Vent Clip Uses Alcohol-Free Fragrance Oil is Non-Hazardous and Non-Toxic Plastic, Pack of 6</p><p>$25.99 ($4.33 / Count)</p><a href="https://www.amazon.com/dp/B0CQPNMTM4?tag=eloabder-20&linkCode=osi&th=1&psc=1">View Product</a></div><div class="product"><a href="https://www.amazon.com/dp/B0CH9KNNZN?tag=eloabder-20&linkCode=osi&th=1&psc=1"><img src="https://m.media-amazon.com/images/I/41jX66PGMTL._SL500_.jpg" alt="Product Image"></a><p>TAKAVU Clay Bars Auto Detailing 2 Pack X 100g, Premium Grade Material, Magic Clay Bar Cleaner for Cars, RV, Boat and Bus (Grey)</p><p>$9.99</p><a href="https://www.amazon.com/dp/B0CH9KNNZN?tag=eloabder-20&linkCode=osi&th=1&psc=1">View Product</a></div>

<div class="product"><a href="https://www.amazon.com/dp/B004UM6DLE?tag=eloabder-20&linkCode=osi&th=1&psc=1"><img src="https://m.media-amazon.com/images/I/314nawyx6sL._SL500_.jpg" alt="Product Image"></a><p>CARPRO IronX Iron Remover: Stops Rust Spots and Pre-Mature Failure of The Clear Coat, Iron Contaminant Removal - 500mL with Sprayer (17oz)</p><p>$26.78</p><a href="https://www.amazon.com/dp/B004UM6DLE?tag=eloabder-20&linkCode=osi&th=1&psc=1">View Product</a></div><div class="product"><a href="https://www.amazon.com/dp/B01HXZXO98?tag=eloabder-20&linkCode=osi&th=1&psc=1"><img src="https://m.media-amazon.com/images/I/41Ne9OfQGzL._SL500_.jpg" alt="Product Image"></a><p>Chemical Guys CWS80316 Clean Slate Deep Surface Cleaning Car Wash Soap (Removes Old Car Waxes, Glazes & Sealants for Superior Surface Prep), 16 fl oz, Citrus Scent</p><p>$11.99 ($0.75 / Fl Oz)</p><a href="https://www.amazon.com/dp/B01HXZXO98?tag=eloabder-20&linkCode=osi&th=1&psc=1">View Product</a></div><div class="product"><a href="https://www.amazon.com/dp/B07C39H9YX?tag=eloabder-20&linkCode=osi&th=1&psc=1"><img src="https://m.media-amazon.com/images/I/31yK3Vb5xWL._SL500_.jpg" alt="Product Image"></a><p>Adam's Polishes Iron Remover (16oz) - Iron Out Fallout Rust Remover Spray for Car Detailing | Remove Iron Particles in Car Paint, Motorcycle, RV & Boat | Use Before Clay Bar, Car Wax or Car Wash</p><p>$16.99</p><a href="https://www.amazon.com/dp/B07C39H9YX?tag=eloabder-20&linkCode=osi&th=1&psc=1">View Product</a></div><div class="product"><a href="https://www.amazon.com/dp/B0BTJ9DJM5?tag=eloabder-20&linkCode=osi&th=1&psc=1"><img src="https://m.media-amazon.com/images/I/41tNMqlDrxL._SL500_.jpg" alt="Product Image"></a><p>Torque Detail Decon Wash Pack - Decontamination Soap 8oz + Wash Mitt - Surface Strip Wash Car Shampoo - Highly Absorbent Microfiber Chenille Car Wash Mitt Safely Cleans Your Vehicles Entire Surface</p><p>$24.95 ($3.12 / Fl Oz)</p><a href="https://www.amazon.com/dp/B0BTJ9DJM5?tag=eloabder-20&linkCode=osi&th=1&psc=1">View Product</a></div><div class="product"><a href="https://www.amazon.com/dp/B013K5V9PQ?tag=eloabder-20&linkCode=osi&th=1&psc=1"><img src="https://m.media-amazon.com/images/I/41V3rm6NlZL._SL500_.jpg" alt="Product Image"></a><p>CARPRO PolyShave Decon Towel - Car Detailing Clay Decontamination Faster than Clay Bar, Clean & Release of Paint Contaminants and Glass - Increase Wax and Sealant Bond - 12" x 12" (1 Pack)</p><p>$39.97</p><a href="https://www.amazon.com/dp/B013K5V9PQ?tag=eloabder-20&linkCode=osi&th=1&psc=1">View Product</a></div><div class="product"><a href="https://www.amazon.com/dp/B0B788NBWG?tag=eloabder-20&linkCode=osi&th=1&psc=1"><img src="https://m.media-amazon.com/images/I/51NDfAOuEmL._SL500_.jpg" alt="Product Image"></a><p>P & S Professional Detail Products - Clay Decontamination Towel - Effective Cleaning & Release of Paint Contaminants; Increase Wax & Sealant Bond; Enhance Gloss & Depth of Color; Fine Grade-12" x 12"</p><p>$34.95</p><a href="https://www.amazon.com/dp/B0B788NBWG?tag=eloabder-20&linkCode=osi&th=1&psc=1">View Product</a></div><div class="product"><a href="https://www.amazon.com/dp/B0B27TFK69?tag=eloabder-20&linkCode=osi&th=1&psc=1"><img src="https://m.media-amazon.com/images/I/41zJPQIcqeL._SL500_.jpg" alt="Product Image"></a><p>The Rag Company - Ultra Clay Decontamination Mitt - Easy to Use; Effective Cleaning & Release of Paint Contaminants; Increase Wax & Sealant Bond; Enhance Gloss &Color Depth; Fine Grade (8.7"x5.7")</p><p>$34.95</p><a href="https://www.amazon.com/dp/B0B27TFK69?tag=eloabder-20&linkCode=osi&th=1&psc=1">View Product</a></div><div class="product"><a href="https://www.amazon.com/dp/B0C6XBN14N?tag=eloabder-20&linkCode=osi&th=1&psc=1"><img src="https://m.media-amazon.com/images/I/31BSavOJ89L._SL500_.jpg" alt="Product Image"></a><p>3D Iron Remover GLW Series | DIY Car Detailing | Hyper Effective Wheel Decontamination | Removes Iron Particles, Dirt, Brake Dust | Rapid Results | Ultimate Iron & Surface Contaminate Eliminator, 16oz</p><p>$17.99</p><a href="https://www.amazon.com/dp/B0C6XBN14N?tag=eloabder-20&linkCode=osi&th=1&psc=1">View Product</a></div>







<div class="product"><a href="https://www.amazon.com/dp/B0D2SPCW3G?tag=eloabder-20&linkCode=osi&th=1&psc=1"><img src="https://m.media-amazon.com/images/I/41JYIg6xqqL._SL500_.jpg" alt="Product Image"></a><p>Crankcase Ventilation Oil Separator with Gasket Compatible for 2008-2014 Volvo Mack D13 D16 MP8 Engine Replace 21122541 20499419</p><p>$155.99</p><a href="https://www.amazon.com/dp/B0D2SPCW3G?tag=eloabder-20&linkCode=osi&th=1&psc=1">View Product</a></div>

<div class="product"><a href="https://www.amazon.com/dp/B0C6M2FHGX?tag=eloabder-20&linkCode=osi&th=1&psc=1"><img src="https://m.media-amazon.com/images/I/21wWRrpHdbL._SL500_.jpg" alt="Product Image"></a><p>eMagTech 9PCS Warning Sign Please No Smoking Vaping Food Drink Stickers 110x50mm Self-Adhesive Vinyl Window Decal for Car Taxis Buses Minibuses</p><p>$9.49</p><a href="https://www.amazon.com/dp/B0C6M2FHGX?tag=eloabder-20&linkCode=osi&th=1&psc=1">View Product</a></div>

Aucun résultat trouvé.

<div class="product"><a href="https://www.amazon.com/dp/B0CVWZZMRY?tag=eloabder-20&linkCode=osi&th=1&psc=1"><img src="https://m.media-amazon.com/images/I/512y-1GwQNL._SL500_.jpg" alt="Product Image"></a><p>Jewkot 4 PCS Car Wiper Strip, 28" Boneless Structure Car Windshield Cleaning Wiper Strip, DIY Length Auxiliary Cleaning Replacement Accessory, Suitable for Most Cars, Vans, Trucks, Buses (Black)</p><p>$5.58</p><a href="https://www.amazon.com/dp/B0CVWZZMRY?tag=eloabder-20&linkCode=osi&th=1&psc=1">View Product</a></div>
<div class="product"><a href="https://www.amazon.com/dp/B07L3VQC6W?tag=eloabder-20&linkCode=osi&th=1&psc=1"><img src="https://m.media-amazon.com/images/I/41GebP+2HYL._SL500_.jpg" alt="Product Image"></a><p>BRISA VW Collection Volkswagen Air Freshener, Room Freshener, Deodorizer for Cars T1 Bus Campervan Motif (Citrus/Yellow/Set of 2)</p><p>$13.90 ($6.95 / Count)</p><a href="https://www.amazon.com/dp/B07L3VQC6W?tag=eloabder-20&linkCode=osi&th=1&psc=1">View Product</a></div><div class="product"><a href="https://www.amazon.com/dp/B07L3V86JS?tag=eloabder-20&linkCode=osi&th=1&psc=1"><img src="https://m.media-amazon.com/images/I/41TblWhKhQL._SL500_.jpg" alt="Product Image"></a><p>BRISA VW Collection Volkswagen Air Freshener, Room Freshener, Deodorizer for Cars T1 Bus Campervan Motif (New Car/Green/Set of 2)</p><p>$13.90 ($6.95 / Count)</p><a href="https://www.amazon.com/dp/B07L3V86JS?tag=eloabder-20&linkCode=osi&th=1&psc=1">View Product</a></div>


Aucun résultat trouvé.










<div class="product"><a href="https://www.amazon.com/dp/B099HL5SV2?tag=eloabder-20&linkCode=osi&th=1&psc=1"><img src="https://m.media-amazon.com/images/I/31kcR8HnylL._SL500_.jpg" alt="Product Image"></a><p>Philips GoPure GP5212 High Performance HEPA Air Purifier for Car, Removes up to 100 Pollutants, Exhaust Fumes, VOCs, Smoke, Bad Odors, Bacteria and Viruses</p><p>$77.59</p><a href="https://www.amazon.com/dp/B099HL5SV2?tag=eloabder-20&linkCode=osi&th=1&psc=1">View Product</a></div><div class="product"><a href="https://www.amazon.com/dp/B07TB419F7?tag=eloabder-20&linkCode=osi&th=1&psc=1"><img src="https://m.media-amazon.com/images/I/41l9XK-u-eL._SL500_.jpg" alt="Product Image"></a><p>Enoch Ionic Car Air Purifier with Dual USB Car Charger. Car Air Freshener Eliminates Odor, Dust. Removes Smoke, Pet and Food Odor. Ionic Ozone Car Deodorizer (Matt Black)</p><p>$24.50</p><a href="https://www.amazon.com/dp/B07TB419F7?tag=eloabder-20&linkCode=osi&th=1&psc=1">View Product</a></div><div class="product"><a href="https://www.amazon.com/dp/B08C9LKKMM?tag=eloabder-20&linkCode=osi&th=1&psc=1"><img src="https://m.media-amazon.com/images/I/41uJDRzxfrL._SL500_.jpg" alt="Product Image"></a><p>4WDKING Car Air Purifier Ionizer, 12V Plug-in Car Air Freshener Gadgets with Dual USB Charger Removes Cigarette Smoke, Pet and Food Odor, Ionic Ozone (Black)</p><p>$22.99</p><a href="https://www.amazon.com/dp/B08C9LKKMM?tag=eloabder-20&linkCode=osi&th=1&psc=1">View Product</a></div><div class="product"><a href="https://www.amazon.com/dp/B07C7D366L?tag=eloabder-20&linkCode=osi&th=1&psc=1"><img src="https://m.media-amazon.com/images/I/51GvjMcOskL._SL500_.jpg" alt="Product Image"></a><p>Car Air Purifier Ionizer - 12V Plug-in Ionic Anti-Microbial Car Deodorizer with Dual USB Charger - Smoke Smell, Pet and Food Odors, Allergens, Viruses Eliminator for Car (Matte Silver)</p><p>$24.99</p><a href="https://www.amazon.com/dp/B07C7D366L?tag=eloabder-20&linkCode=osi&th=1&psc=1">View Product</a></div><div class="product"><a href="https://www.amazon.com/dp/B086H3FW7T?tag=eloabder-20&linkCode=osi&th=1&psc=1"><img src="https://m.media-amazon.com/images/I/51FfQTz4koL._SL500_.jpg" alt="Product Image"></a><p>bmbu 1000g Large Bamboo Charcoal Air Purifier Bag - Car Deodorizer/Car Freshener - Remove Odor and Control Moisture in Your RV, Camper, SUV, Car, Truck, Closet, Mobile Home, Storage - Non Fragrant</p><p>$22.99 ($0.65 / Ounce)</p><a href="https://www.amazon.com/dp/B086H3FW7T?tag=eloabder-20&linkCode=osi&th=1&psc=1">View Product</a></div><div class="product"><a href="https://www.amazon.com/dp/B019NXUJ5K?tag=eloabder-20&linkCode=osi&th=1&psc=1"><img src="https://m.media-amazon.com/images/I/31grLw6pdUL._SL500_.jpg" alt="Product Image"></a><p>PURGGO Car Air Freshener - Lasts 365+ Days No Chemicals 100% Activated Bamboo Charcoal Fragrance-Free Deodorizer, Natural Auto Odor Eliminator, Purifier, Neutralizer, Absorb Smoke Smell</p><p>$25.99</p><a href="https://www.amazon.com/dp/B019NXUJ5K?tag=eloabder-20&linkCode=osi&th=1&psc=1">View Product</a></div><div class="product"><a href="https://www.amazon.com/dp/B0CT5TBKH5?tag=eloabder-20&linkCode=osi&th=1&psc=1"><img src="https://m.media-amazon.com/images/I/41UB7n6FuwL._SL500_.jpg" alt="Product Image"></a><p>Timgle 1 Pack Car Air Freshener, Lasts 365+ Days, No Chemicals 100% Activated Bamboo Charcoal Fragrance, Free Deodorizer, Natural Auto Odor Eliminator, Purifier, Neutralizer (Khaki Strap)</p><p>$10.99</p><a href="https://www.amazon.com/dp/B0CT5TBKH5?tag=eloabder-20&linkCode=osi&th=1&psc=1">View Product</a></div><div class="product"><a href="https://www.amazon.com/dp/B00V4049K2?tag=eloabder-20&linkCode=osi&th=1&psc=1"><img src="https://m.media-amazon.com/images/I/51rLLMGOc6L._SL500_.jpg" alt="Product Image"></a><p>PURGGO Car Air Freshener - Auto Odor Eliminator - 100% Activated Bamboo Charcoal Air Purifier, Ionizer - Absorb and Remove Smoke Smell - Fragrance-Free Deodorizer - Lasts 365+ Days [Classic Beige]</p><p>$25.99</p><a href="https://www.amazon.com/dp/B00V4049K2?tag=eloabder-20&linkCode=osi&th=1&psc=1">View Product</a></div>








<div class="product"><a href="https://www.amazon.com/dp/B00RYGK12K?tag=eloabder-20&linkCode=osi&th=1&psc=1"><img src="https://m.media-amazon.com/images/I/51RdEyCkvuL._SL500_.jpg" alt="Product Image"></a><p>Little Trees Cardboard Hanging Car, Home & Office Air Freshener, Summer Linen (Pack of 12)</p><p>$11.82 ($0.98 / Count)</p><a href="https://www.amazon.com/dp/B00RYGK12K?tag=eloabder-20&linkCode=osi&th=1&psc=1">View Product</a></div><div class="product"><a href="https://www.amazon.com/dp/B00LM54ZD0?tag=eloabder-20&linkCode=osi&th=1&psc=1"><img src="https://m.media-amazon.com/images/I/41YuRNweefL._SL500_.jpg" alt="Product Image"></a><p>LITTLE TREES Air Fresheners Car Air Freshener. Hanging Tree Provides Long Lasting Scent for Auto or Home. Black Ice, 24 Air Fresheners</p><p>$20.19 ($0.84 / Count)</p><a href="https://www.amazon.com/dp/B00LM54ZD0?tag=eloabder-20&linkCode=osi&th=1&psc=1">View Product</a></div><div class="product"><a href="https://www.amazon.com/dp/B09BB4V1Y8?tag=eloabder-20&linkCode=osi&th=1&psc=1"><img src="https://m.media-amazon.com/images/I/51AKMdDLO-L._SL500_.jpg" alt="Product Image"></a><p>DRIVEJOY Car Air Freshener Vent Clips, 8 PK, 6 Ocean, 2 New Car Scent, Car Fresheners for Men Women, Up to 240 Days, Long Lasting Air Freshener for Car, Odor Eliminator</p><p>$9.98 ($9.60 / Fl Oz)</p><a href="https://www.amazon.com/dp/B09BB4V1Y8?tag=eloabder-20&linkCode=osi&th=1&psc=1">View Product</a></div><div class="product"><a href="https://www.amazon.com/dp/B078JWRLYT?tag=eloabder-20&linkCode=osi&th=1&psc=1"><img src="https://m.media-amazon.com/images/I/41shbIl-LEL._SL500_.jpg" alt="Product Image"></a><p>California Scents Air Freshener 4-Pack Car Air Freshener (Coronado Cherry)</p><p>$12.88 ($2.15 / Ounce)</p><a href="https://www.amazon.com/dp/B078JWRLYT?tag=eloabder-20&linkCode=osi&th=1&psc=1">View Product</a></div><div class="product"><a href="https://www.amazon.com/dp/B0CW4CJWW9?tag=eloabder-20&linkCode=osi&th=1&psc=1"><img src="https://m.media-amazon.com/images/I/417lKQ0MXPL._SL500_.jpg" alt="Product Image"></a><p>Karma, Essential Oil Air Freshener for Cars Set of 2, Home & Office - Colorful Decorative Hanging Air Freshener with Tassel, Buttercup Vanilla Scented</p><p>$8.40 ($4.20 / Count)</p><a href="https://www.amazon.com/dp/B0CW4CJWW9?tag=eloabder-20&linkCode=osi&th=1&psc=1">View Product</a></div><div class="product"><a href="https://www.amazon.com/dp/B00AYCXL2I?tag=eloabder-20&linkCode=osi&th=1&psc=1"><img src="https://m.media-amazon.com/images/I/5165h10nKbL._SL500_.jpg" alt="Product Image"></a><p>Febreze Car Air Fresheners, New Car Scent, Odor Eliminator for Strong Odors Car Vent Clips (2 Count)</p><p>$9.98 ($4.99 / Count)</p><a href="https://www.amazon.com/dp/B00AYCXL2I?tag=eloabder-20&linkCode=osi&th=1&psc=1">View Product</a></div><div class="product"><a href="https://www.amazon.com/dp/B01LZ0N1MJ?tag=eloabder-20&linkCode=osi&th=1&psc=1"><img src="https://m.media-amazon.com/images/I/41J5LJGof9L._SL500_.jpg" alt="Product Image"></a><p>LITTLE TREES Car Air Freshener | Hanging Paper Tree for Home or Car | New Car Scent | 12 Pack</p><p>$11.70 ($0.98 / Count)</p><a href="https://www.amazon.com/dp/B01LZ0N1MJ?tag=eloabder-20&linkCode=osi&th=1&psc=1">View Product</a></div><div class="product"><a href="https://www.amazon.com/dp/B0C2Q2VGPZ?tag=eloabder-20&linkCode=osi&th=1&psc=1"><img src="https://m.media-amazon.com/images/I/413gckSL1EL._SL500_.jpg" alt="Product Image"></a><p>Savage Disposable Card Freshener for Men | Car Scents Air Freshener with Sauvage Fragrance | Strong Car Perfume Air Freshener with Odour Eliminating Technology | Suvage by Perfa</p><p>$6.99</p><a href="https://www.amazon.com/dp/B0C2Q2VGPZ?tag=eloabder-20&linkCode=osi&th=1&psc=1">View Product</a></div>




<div class="product"><a href="https://www.amazon.com/dp/B06WVL7YSG?tag=eloabder-20&linkCode=osi&th=1&psc=1"><img src="https://m.media-amazon.com/images/I/51fO0NuM6nL._SL500_.jpg" alt="Product Image"></a><p>Meguiar's Quik Scratch Eraser Kit, Car Scratch Remover for Repairing Surface Blemishes, Car Care Kit with ScratchX, Drill-Mounted Pad, and Microfiber Towel, 3 Count</p><p>$17.97</p><a href="https://www.amazon.com/dp/B06WVL7YSG?tag=eloabder-20&linkCode=osi&th=1&psc=1">View Product</a></div><div class="product"><a href="https://www.amazon.com/dp/B00P67GSRG?tag=eloabder-20&linkCode=osi&th=1&psc=1"><img src="https://m.media-amazon.com/images/I/41R-vt8tcnL._SL500_.jpg" alt="Product Image"></a><p>Chemical Guys GAP_VKIT_16 V Line Polish and Compound Kit For Light to Heavy Swirls & Scratches (Safe for Cars, Trucks, SUVs, RVs, Motorcycles, & More) 4 - 16 fl oz Items</p><p>$69.99</p><a href="https://www.amazon.com/dp/B00P67GSRG?tag=eloabder-20&linkCode=osi&th=1&psc=1">View Product</a></div>




<div class="product"><a href="https://www.amazon.com/dp/B0D464228M?tag=eloabder-20&linkCode=osi&th=1&psc=1"><img src="https://m.media-amazon.com/images/I/315VtBe9l-L._SL500_.jpg" alt="Product Image"></a><p>Drift Car Air Freshener - Wood Air Freshener - Car Odor Eliminator - Open Air Scent Starter Kit</p><p>$11.95</p><a href="https://www.amazon.com/dp/B0D464228M?tag=eloabder-20&linkCode=osi&th=1&psc=1">View Product</a></div>
<div class="product"><a href="https://www.amazon.com/dp/B071HR14SJ?tag=eloabder-20&linkCode=osi&th=1&psc=1"><img src="https://m.media-amazon.com/images/I/41crypCefDL._SL500_.jpg" alt="Product Image"></a><p>Meguiar's Gold Class Car Wash Soap, Ultra-Rich Car Wash Soap and Conditioner for Car Cleaning, Car Wash Soap to Clean and Condition in One Easy Step, 1 Gallon Car Wash Soap</p><p>$24.99 ($0.20 / Ounce)</p><a href="https://www.amazon.com/dp/B071HR14SJ?tag=eloabder-20&linkCode=osi&th=1&psc=1">View Product</a></div><div class="product"><a href="https://www.amazon.com/dp/B085R9L9Q9?tag=eloabder-20&linkCode=osi&th=1&psc=1"><img src="https://m.media-amazon.com/images/I/41tAv1FNbZL._SL500_.jpg" alt="Product Image"></a><p>Armor All Extreme Shield Protectant Spray , Interior Car Cleaner with UV Protection Against Cracking and Fading, 16 Fl Oz</p><p>$8.98 ($0.56 / Fl Oz)</p><a href="https://www.amazon.com/dp/B085R9L9Q9?tag=eloabder-20&linkCode=osi&th=1&psc=1">View Product</a></div><div class="product"><a href="https://www.amazon.com/dp/B016NA9Y4S?tag=eloabder-20&linkCode=osi&th=1&psc=1"><img src="https://m.media-amazon.com/images/I/31oz8VJFdjL._SL500_.jpg" alt="Product Image"></a><p>Rain-X 5079281-2 Latitude 2-In-1 Wiper Blades, 26 Inch Windshield Wipers (Pack Of 1), Automotive Replacement Windshield Wiper Blades With Patented Rain-X Water Repellency Formula</p><p>$17.08</p><a href="https://www.amazon.com/dp/B016NA9Y4S?tag=eloabder-20&linkCode=osi&th=1&psc=1">View Product</a></div><div class="product"><a href="https://www.amazon.com/dp/B0D2PCCJVK?tag=eloabder-20&linkCode=osi&th=1&psc=1"><img src="https://m.media-amazon.com/images/I/41BFT-c3a9L._SL500_.jpg" alt="Product Image"></a><p>HoogaLife Car Air Freshener Diffuser – Revitalize Your Drive with Hanging Air Freshener Diffuser Aromatic Bliss On The Go(VANILLA CREAM)</p><p>$12.99 ($24.06 / Fl Oz)</p><a href="https://www.amazon.com/dp/B0D2PCCJVK?tag=eloabder-20&linkCode=osi&th=1&psc=1">View Product</a></div><div class="product"><a href="https://www.amazon.com/dp/B0D17SKCLF?tag=eloabder-20&linkCode=osi&th=1&psc=1"><img src="https://m.media-amazon.com/images/I/51VjaK8JNmL._SL500_.jpg" alt="Product Image"></a><p>AIDEA Car Wash Mitt Microfiber, 1PK-Scratch-Free& Lint-Free, Premium Chenille Microfiber Wash Mitt-Green Regular Size (7.12''X10.14'')</p><p>$5.99</p><a href="https://www.amazon.com/dp/B0D17SKCLF?tag=eloabder-20&linkCode=osi&th=1&psc=1">View Product</a></div>








<div class="product"><a href="https://www.amazon.com/dp/B00UZE8D00?tag=eloabder-20&linkCode=osi&th=1&psc=1"><img src="https://m.media-amazon.com/images/I/517VVkgvgcL._SL500_.jpg" alt="Product Image"></a><p>Chemical Guys HOL_996 Convertible Top Cleaner and Protectant Kit, 16 oz, 2 Items</p><p>$29.99</p><a href="https://www.amazon.com/dp/B00UZE8D00?tag=eloabder-20&linkCode=osi&th=1&psc=1">View Product</a></div><div class="product"><a href="https://www.amazon.com/dp/B004HCS4NW?tag=eloabder-20&linkCode=osi&th=1&psc=1"><img src="https://m.media-amazon.com/images/I/41j5b6xRqNL._SL500_.jpg" alt="Product Image"></a><p>Meguiar's Convertible Top Cleaner - Fabric Convertible Top Cleaner and Vinyl Convertible Top Cleaner in One Advanced Formula - Safely Removes Stains, Mildew, Bird Droppings, and More, 16 Oz</p><p>$6.87 ($0.43 / Ounce)</p><a href="https://www.amazon.com/dp/B004HCS4NW?tag=eloabder-20&linkCode=osi&th=1&psc=1">View Product</a></div><div class="product"><a href="https://www.amazon.com/dp/B00UZE80N0?tag=eloabder-20&linkCode=osi&th=1&psc=1"><img src="https://m.media-amazon.com/images/I/31FG83SK9SL._SL500_.jpg" alt="Product Image"></a><p>Chemical Guys SPI_193_16 Convertible Top Protectant and Repellent, (Helps Prevent Fading & Discoloration on Fabric Sot Tops) 16 fl oz (Packaging May Vary)</p><p>$19.99 ($1.25 / Fl Oz)</p><a href="https://www.amazon.com/dp/B00UZE80N0?tag=eloabder-20&linkCode=osi&th=1&psc=1">View Product</a></div><div class="product"><a href="https://www.amazon.com/dp/B00UZE8C1A?tag=eloabder-20&linkCode=osi&th=1&psc=1"><img src="https://m.media-amazon.com/images/I/31aLnXKZxfL._SL500_.jpg" alt="Product Image"></a><p>Chemical Guys ACC_S94 Convertible Top Horse Hair Cleaning Brush, Safe for Cloth Soft Tops, Upholstery, Leather, Furniture, & More</p><p>$14.99</p><a href="https://www.amazon.com/dp/B00UZE8C1A?tag=eloabder-20&linkCode=osi&th=1&psc=1">View Product</a></div><div class="product"><a href="https://www.amazon.com/dp/B000A8JNF0?tag=eloabder-20&linkCode=osi&th=1&psc=1"><img src="https://m.media-amazon.com/images/I/51PLChiVIrL._SL500_.jpg" alt="Product Image"></a><p>303 Products Convertible Fabric Top Cleaning and Care Kit - Cleans And Protects Fabric Tops - Includes Tonneau Cover And Convertible Top Cleaner 16 fl. oz. + Fabric Guard, (30520)</p><p>$32.79 ($1.02 / Fl Oz)</p><a href="https://www.amazon.com/dp/B000A8JNF0?tag=eloabder-20&linkCode=osi&th=1&psc=1">View Product</a></div>
<div class="product"><a href="https://www.amazon.com/dp/B0BCQ1XMWV?tag=eloabder-20&linkCode=osi&th=1&psc=1"><img src="https://m.media-amazon.com/images/I/41lV6Au-S9L._SL500_.jpg" alt="Product Image"></a><p>EMITHSUN® Windshield Wiper Blades Replacement for Honda Civic Coupe 2 Door 2005-2011,That Meet OEM Quality Front Wipers Blade Set for My Car-28"+24"(Set of 2)</p><p>$19.99</p><a href="https://www.amazon.com/dp/B0BCQ1XMWV?tag=eloabder-20&linkCode=osi&th=1&psc=1">View Product</a></div>
<div class="product"><a href="https://www.amazon.com/dp/B00I8ITVZG?tag=eloabder-20&linkCode=osi&th=1&psc=1"><img src="https://m.media-amazon.com/images/I/41TXd564pcL._SL500_.jpg" alt="Product Image"></a><p>ECOGARD XC36067 Premium Cabin Air Filter Fits Hyundai Genesis 2009-2016, Equus 2011-2016 | Genesis G80 2017-2021, G90 2019-2021, GV80 2021 | Kia K900 2020</p><p>$10.98</p><a href="https://www.amazon.com/dp/B00I8ITVZG?tag=eloabder-20&linkCode=osi&th=1&psc=1">View Product</a></div>

<div class="product"><a href="https://www.amazon.com/dp/B097C3NCP1?tag=eloabder-20&linkCode=osi&th=1&psc=1"><img src="https://m.media-amazon.com/images/I/41GXST2+s6L._SL500_.jpg" alt="Product Image"></a><p>Raidbee 12 inch Rear Wiper Blade Replacement for Toyota Corolla Hatchback 2022-2019, Nissan Versa 2019-2014 Back Windshield Wiper (H306/12-B)</p><p>$6.99</p><a href="https://www.amazon.com/dp/B097C3NCP1?tag=eloabder-20&linkCode=osi&th=1&psc=1">View Product</a></div>



<div class="product"><a href="https://www.amazon.com/dp/B0CQ4MLKHJ?tag=eloabder-20&linkCode=osi&th=1&psc=1"><img src="https://m.media-amazon.com/images/I/519f8covwQL._SL500_.jpg" alt="Product Image"></a><p>Feetiger All-in-1 Fire Extinguisher for Home, Kitchen, Car, Garage, RV, Truck, Boat, Camping, Fire Spray that Tackles Multiple Types of Fire, 2pack</p><p>$39.99</p><a href="https://www.amazon.com/dp/B0CQ4MLKHJ?tag=eloabder-20&linkCode=osi&th=1&psc=1">View Product</a></div>
<div class="product"><a href="https://www.amazon.com/dp/B07TS4JV6H?tag=eloabder-20&linkCode=osi&th=1&psc=1"><img src="https://m.media-amazon.com/images/I/412htpDd6fL._SL500_.jpg" alt="Product Image"></a><p>Police Flag Air Freshener, New Car Scent, 6-Pack</p><p>$9.99 ($1.66 / Count)</p><a href="https://www.amazon.com/dp/B07TS4JV6H?tag=eloabder-20&linkCode=osi&th=1&psc=1">View Product</a></div>


<div class="product"><a href="https://www.amazon.com/dp/B009EU5ZNO?tag=eloabder-20&linkCode=osi&th=1&psc=1"><img src="https://m.media-amazon.com/images/I/515MJLZbnoL._SL500_.jpg" alt="Product Image"></a><p>J-B Weld 50133 Plastic Bonder Structural Adhesive Syringe - Tan - 25 ml</p><p>$6.98 ($8.21 / Fl Oz)</p><a href="https://www.amazon.com/dp/B009EU5ZNO?tag=eloabder-20&linkCode=osi&th=1&psc=1">View Product</a></div>



<div class="product"><a href="https://www.amazon.com/dp/B09P6YZP72?tag=eloabder-20&linkCode=osi&th=1&psc=1"><img src="https://m.media-amazon.com/images/I/416rlvu+ayL._SL500_.jpg" alt="Product Image"></a><p>AUTOBOO 26"+20" Windshield Wipers with 16" Rear Wiper Blade Replacement for Dodge Grand Caravan 2008-2012 2013 2014 2015 2016 2017 2018 2019 -Original Factory Quality (Pack of 3)</p><p>$23.99</p><a href="https://www.amazon.com/dp/B09P6YZP72?tag=eloabder-20&linkCode=osi&th=1&psc=1">View Product</a></div><div class="product"><a href="https://www.amazon.com/dp/B0BLYQBDS8?tag=eloabder-20&linkCode=osi&th=1&psc=1"><img src="https://m.media-amazon.com/images/I/51SbpSR2zBL._SL500_.jpg" alt="Product Image"></a><p>A-Premium Engine Air Filter Compatible with Chrysler Town & Country & Dodge Grand Caravan & Ram C/V & Volkswagen Routan, 2011-2020, Flexible Panel, Replace# 4861737AA</p><p>$12.99</p><a href="https://www.amazon.com/dp/B0BLYQBDS8?tag=eloabder-20&linkCode=osi&th=1&psc=1">View Product</a></div>
<div class="product"><a href="https://www.amazon.com/dp/B001FCB4JS?tag=eloabder-20&linkCode=osi&th=1&psc=1"><img src="https://m.media-amazon.com/images/I/21wq6fxqiVL._SL500_.jpg" alt="Product Image"></a><p>Dicor BT-1834-1 Butyl Seal Tape - 1/8" x 3/4" x 30' Repair Tape for RV, Trailer, Motorhome, Window, and Vent Sealing</p><p>$13.15 ($0.44 / Foot)</p><a href="https://www.amazon.com/dp/B001FCB4JS?tag=eloabder-20&linkCode=osi&th=1&psc=1">View Product</a></div>
<div class="product"><a href="https://www.amazon.com/dp/B000BUQOD6?tag=eloabder-20&linkCode=osi&th=1&psc=1"><img src="https://m.media-amazon.com/images/I/41O0CoP1L3L._SL500_.jpg" alt="Product Image"></a><p>Camco Camper/RV Toilet Paper | Sewer-Safe, Septic-Safe & Biodegradable | Designed for Camper, Trailer & Marine Sanitation Systems | 1-Ply Tissue | 4 Toilet Paper Rolls – 280 Sheets per Roll (40275)</p><p>$5.99 ($2.14 / 100 Sheets)</p><a href="https://www.amazon.com/dp/B000BUQOD6?tag=eloabder-20&linkCode=osi&th=1&psc=1">View Product</a></div><div class="product"><a href="https://www.amazon.com/dp/B007JG1W1E?tag=eloabder-20&linkCode=osi&th=1&psc=1"><img src="https://m.media-amazon.com/images/I/41i-j99E9ML._SL500_.jpg" alt="Product Image"></a><p>Camco TST Camper / RV Grey Water Odor Control - Removes Grease Buildup in Gray Water Tank, Sink & Shower Drains - 4oz Treats 40-Gal Holding Tank - Safe Septic Tank Treatment - Lemon, 64 oz (40256)</p><p>$19.94 ($0.31 / Fl Oz)</p><a href="https://www.amazon.com/dp/B007JG1W1E?tag=eloabder-20&linkCode=osi&th=1&psc=1">View Product</a></div><div class="product"><a href="https://www.amazon.com/dp/B016V2OSD0?tag=eloabder-20&linkCode=osi&th=1&psc=1"><img src="https://m.media-amazon.com/images/I/31Jm99RYVXL._SL500_.jpg" alt="Product Image"></a><p>Camco TST MAX RV Toilet Treatment Drop-INs | Control Unwanted Odors and Break Down Waste and Tissue | Septic Tank Safe | Lavender Scent | 15-pack (41559)</p><p>$11.97 ($0.80 / Count)</p><a href="https://www.amazon.com/dp/B016V2OSD0?tag=eloabder-20&linkCode=osi&th=1&psc=1">View Product</a></div>






<div class="product"><a href="https://www.amazon.com/dp/B006GJYOL0?tag=eloabder-20&linkCode=osi&th=1&psc=1"><img src="https://m.media-amazon.com/images/I/41YPjiCzDfL._SL500_.jpg" alt="Product Image"></a><p>Boat Bling HS-0128 Hot Sauce Hard Water Spot Remover, Gallon Refill, for Boats, RVs, Powersport Vehicles and More, Black,1 Gallon</p><p>$54.95 ($0.43 / Fl Oz)</p><a href="https://www.amazon.com/dp/B006GJYOL0?tag=eloabder-20&linkCode=osi&th=1&psc=1">View Product</a></div><div class="product"><a href="https://www.amazon.com/dp/B0000AXVCB?tag=eloabder-20&linkCode=osi&th=1&psc=1"><img src="https://m.media-amazon.com/images/I/51gtsDb7zDL._SL500_.jpg" alt="Product Image"></a><p>Meguiar's M4364 Marine/RV Boat Wash - 64 Oz Container</p><p>$13.99 ($0.22 / Fl Oz)</p><a href="https://www.amazon.com/dp/B0000AXVCB?tag=eloabder-20&linkCode=osi&th=1&psc=1">View Product</a></div><div class="product"><a href="https://www.amazon.com/dp/B0007TR47G?tag=eloabder-20&linkCode=osi&th=1&psc=1"><img src="https://m.media-amazon.com/images/I/41Q4SzlVojL._SL500_.jpg" alt="Product Image"></a><p>Meguiar's Flagship Premium Marine Wax, Boat Polish and Oxidation Remover - 32 Oz Bottle</p><p>$21.49</p><a href="https://www.amazon.com/dp/B0007TR47G?tag=eloabder-20&linkCode=osi&th=1&psc=1">View Product</a></div><div class="product"><a href="https://www.amazon.com/dp/B006GJYLFY?tag=eloabder-20&linkCode=osi&th=1&psc=1"><img src="https://m.media-amazon.com/images/I/31G78TSjssL._SL500_.jpg" alt="Product Image"></a><p>Boat Bling Condition Sauce Premium Interior Moisturizer w/UV Protection, 32 oz.</p><p>$27.95</p><a href="https://www.amazon.com/dp/B006GJYLFY?tag=eloabder-20&linkCode=osi&th=1&psc=1">View Product</a></div><div class="product"><a href="https://www.amazon.com/dp/B006GJYKWI?tag=eloabder-20&linkCode=osi&th=1&psc=1"><img src="https://m.media-amazon.com/images/I/41AcDanNz-L._SL500_.jpg" alt="Product Image"></a><p>Boat Bling VS-0032 Vinyl Sauce Premium Vinyl and Leather Cleaner, 32 Oz., for Boats, RVs, Powersport Vehicles and More</p><p>$22.95 ($0.72 / Fl Oz)</p><a href="https://www.amazon.com/dp/B006GJYKWI?tag=eloabder-20&linkCode=osi&th=1&psc=1">View Product</a></div>
<div class="product"><a href="https://www.amazon.com/dp/B004OJTEKK?tag=eloabder-20&linkCode=osi&th=1&psc=1"><img src="https://m.media-amazon.com/images/I/41q8kkNiKOL._SL500_.jpg" alt="Product Image"></a><p>Shurhold Yacht Brite YBP-0302 Brite Wash - 1 Gallon</p><p>$23.97 ($0.19 / Fl Oz)</p><a href="https://www.amazon.com/dp/B004OJTEKK?tag=eloabder-20&linkCode=osi&th=1&psc=1">View Product</a></div>




<div class="product"><a href="https://www.amazon.com/dp/B0B2RDZNZB?tag=eloabder-20&linkCode=osi&th=1&psc=1"><img src="https://m.media-amazon.com/images/I/51RVSUoRuGL._SL500_.jpg" alt="Product Image"></a><p>Fancemot Helicopter Car Air Fresheners Rotating Solar Car Fresheners Airplane Car Perfume (Osmanthus & Vanilla)</p><p>$14.08</p><a href="https://www.amazon.com/dp/B0B2RDZNZB?tag=eloabder-20&linkCode=osi&th=1&psc=1">View Product</a></div><div class="product"><a href="https://www.amazon.com/dp/B0994PG1ZD?tag=eloabder-20&linkCode=osi&th=1&psc=1"><img src="https://m.media-amazon.com/images/I/413er0A8cVS._SL500_.jpg" alt="Product Image"></a><p>NICEADA Car Air Freshener, Helicopter Solar Energy Rotating Aromatherapy Aviation Al Alloy Diffuser, Interior Decoration Accessories Diffuser for Car and Home (Silver)</p><p>$23.99</p><a href="https://www.amazon.com/dp/B0994PG1ZD?tag=eloabder-20&linkCode=osi&th=1&psc=1">View Product</a></div><div class="product"><a href="https://www.amazon.com/dp/B09ZTMZKSJ?tag=eloabder-20&linkCode=osi&th=1&psc=1"><img src="https://m.media-amazon.com/images/I/41rz5PydC9L._SL500_.jpg" alt="Product Image"></a><p>Air Freshener, Gigicloud Car Fragrance Diffuser Solar Rotating Automotive Air Fresheners Ornament Helicopter Shape Solid Aromatherapy Decoration for Car and Home (Black)</p><p>$15.49</p><a href="https://www.amazon.com/dp/B09ZTMZKSJ?tag=eloabder-20&linkCode=osi&th=1&psc=1">View Product</a></div><div class="product"><a href="https://www.amazon.com/dp/B0CWNNPCD3?tag=eloabder-20&linkCode=osi&th=1&psc=1"><img src="https://m.media-amazon.com/images/I/51nznnJJhfL._SL500_.jpg" alt="Product Image"></a><p>Car Air Freshener Diffuser, KaiDengZhe 1PCS Helicopter Solar Energy Rotating Aromatherapy Aviation Al Alloy Diffuser, Car Diffuser for Essential Oils, Relieve Stress and Purifie Odors for Car and Home</p><p>$15.99</p><a href="https://www.amazon.com/dp/B0CWNNPCD3?tag=eloabder-20&linkCode=osi&th=1&psc=1">View Product</a></div><div class="product"><a href="https://www.amazon.com/dp/B0B8T47G65?tag=eloabder-20&linkCode=osi&th=1&psc=1"><img src="https://m.media-amazon.com/images/I/41d6cgVheqL._SL500_.jpg" alt="Product Image"></a><p>Joyfunky Car Air Fresheners with Solar Rotating, Creative Car Perfume Decoration, Relieve Stress and Purifie Odors, Use at Car, office and Home, Silver</p><p>$12.99</p><a href="https://www.amazon.com/dp/B0B8T47G65?tag=eloabder-20&linkCode=osi&th=1&psc=1">View Product</a></div><div class="product"><a href="https://www.amazon.com/dp/B0D4ZHJVK8?tag=eloabder-20&linkCode=osi&th=1&psc=1"><img src="https://m.media-amazon.com/images/I/41sEhsjtb4L._SL500_.jpg" alt="Product Image"></a><p>NICEADA Helicopter Solar Car Air Freshener Refill Set, Solar Essential Oil Refill Perfume Oil for Car Air Fresheners(4 Packs)</p><p>$21.99 ($24.99 / Fl Oz)</p><a href="https://www.amazon.com/dp/B0D4ZHJVK8?tag=eloabder-20&linkCode=osi&th=1&psc=1">View Product</a></div><div class="product"><a href="https://www.amazon.com/dp/B0D251XW47?tag=eloabder-20&linkCode=osi&th=1&psc=1"><img src="https://m.media-amazon.com/images/I/41x6lmNq9fL._SL500_.jpg" alt="Product Image"></a><p>Helicopter Car Air Fresheners with Solar Rotating, Creative Car Perfume Decoration, Car Airplane Fragrance Diffuser for Car, Home, Office (Silver)</p><p>$13.09</p><a href="https://www.amazon.com/dp/B0D251XW47?tag=eloabder-20&linkCode=osi&th=1&psc=1">View Product</a></div>

<div class="product"><a href="https://www.amazon.com/dp/B0D4154TQG?tag=eloabder-20&linkCode=osi&th=1&psc=1"><img src="https://m.media-amazon.com/images/I/217Iw-nO3UL._SL500_.jpg" alt="Product Image"></a><p>RV Curtain Glide Tape A115, 1/2 Inch Glides Clear RV Curtain Strip Curtain Slide Tape 72 Inches Long Use with Ceiling or Wall Mount Curtain Track A201 A202 (2 Pack)</p><p>$17.99</p><a href="https://www.amazon.com/dp/B0D4154TQG?tag=eloabder-20&linkCode=osi&th=1&psc=1">View Product</a></div>
<div class="product"><a href="https://www.amazon.com/dp/B08W4PQN8L?tag=eloabder-20&linkCode=osi&th=1&psc=1"><img src="https://m.media-amazon.com/images/I/41udmrd6QTL._SL500_.jpg" alt="Product Image"></a><p>Hot Air Balloon Novelty Air Freshener for Car - Sandalwood Scented Automotive Accessory New Mexico Souvenir Gift (Pack of 4)</p><p>$7.99 ($2.00 / Count)</p><a href="https://www.amazon.com/dp/B08W4PQN8L?tag=eloabder-20&linkCode=osi&th=1&psc=1">View Product</a></div>















<div class="product"><a href="https://www.amazon.com/dp/B0CP87K2VD?tag=eloabder-20&linkCode=osi&th=1&psc=1"><img src="https://m.media-amazon.com/images/I/41dTH4OPkcL._SL500_.jpg" alt="Product Image"></a><p>For harley air cleaner filter Touring street glide road king electra tri trike Dyna Sportster XL 883 1200 Softail air intake (Drift style -Contrast Cut, C-For Touring 08-16, Softail 16-17)</p><p>$125.00</p><a href="https://www.amazon.com/dp/B0CP87K2VD?tag=eloabder-20&linkCode=osi&th=1&psc=1">View Product</a></div><div class="product"><a href="https://www.amazon.com/dp/B08DNLNY3G?tag=eloabder-20&linkCode=osi&th=1&psc=1"><img src="https://m.media-amazon.com/images/I/51baNj3o8CL._SL500_.jpg" alt="Product Image"></a><p>2963308 HD1508 Ultra Classic Air Filter Cleaner for 2008-2014 Harley Davidson Street Glide, Electra Glide, Road King, Road Glide Custom, Ultra Classic and other select models HD-1508</p><p>$21.99</p><a href="https://www.amazon.com/dp/B08DNLNY3G?tag=eloabder-20&linkCode=osi&th=1&psc=1">View Product</a></div><div class="product"><a href="https://www.amazon.com/dp/B0CQ2KKC3N?tag=eloabder-20&linkCode=osi&th=1&psc=1"><img src="https://m.media-amazon.com/images/I/31W2a0gAwIL._SL500_.jpg" alt="Product Image"></a><p>High-Flo Replacement Air Filter Element For Ventilator - Milwaukee-Eight Engine '18-later Softail and '17-later Touring and Trike Models Equipped with 114 Air Cleaner</p><p>$39.99</p><a href="https://www.amazon.com/dp/B0CQ2KKC3N?tag=eloabder-20&linkCode=osi&th=1&psc=1">View Product</a></div><div class="product"><a href="https://www.amazon.com/dp/B0CPJ5BSGM?tag=eloabder-20&linkCode=osi&th=1&psc=1"><img src="https://m.media-amazon.com/images/I/41cUadnGKpL._SL500_.jpg" alt="Product Image"></a><p>For harley air cleaner filter sportster street road glide king for harley davidson motorcycle air intake (Nake style -Black, A-For Sportster XL models)</p><p>$169.00</p><a href="https://www.amazon.com/dp/B0CPJ5BSGM?tag=eloabder-20&linkCode=osi&th=1&psc=1">View Product</a></div><div class="product"><a href="https://www.amazon.com/dp/B0CR17NS1M?tag=eloabder-20&linkCode=osi&th=1&psc=1"><img src="https://m.media-amazon.com/images/I/41n57oM0A-L._SL500_.jpg" alt="Product Image"></a><p>For harley air cleaner filter Sportster Softail Touring street road king glide Dyna for harley davidson air intake filters (Speed 7 style -gray filter, C-For Touring 08-16, Softail 16-17)</p><p>$89.00</p><a href="https://www.amazon.com/dp/B0CR17NS1M?tag=eloabder-20&linkCode=osi&th=1&psc=1">View Product</a></div><div class="product"><a href="https://www.amazon.com/dp/B0CR167HDN?tag=eloabder-20&linkCode=osi&th=1&psc=1"><img src="https://m.media-amazon.com/images/I/41o4byfzbRL._SL500_.jpg" alt="Product Image"></a><p>For harley davidson air cleaner filter sportster Touring street glide road king electra Dyna Softail motorcycle air intake (Chromed- gray filter, C-For Touring 2008-2016)</p><p>$99.00</p><a href="https://www.amazon.com/dp/B0CR167HDN?tag=eloabder-20&linkCode=osi&th=1&psc=1">View Product</a></div>







<div class="product"><a href="https://www.amazon.com/dp/B08WH8CWDM?tag=eloabder-20&linkCode=osi&th=1&psc=1"><img src="https://m.media-amazon.com/images/I/41Jj3ouB+1L._SL500_.jpg" alt="Product Image"></a><p>Glaze 'N Seal Color Enhancer Paver Sealer, 1 Gallon (923)</p><p>$62.99</p><a href="https://www.amazon.com/dp/B08WH8CWDM?tag=eloabder-20&linkCode=osi&th=1&psc=1">View Product</a></div>

<div class="product"><a href="https://www.amazon.com/dp/B0B58G8WRX?tag=eloabder-20&linkCode=osi&th=1&psc=1"><img src="https://m.media-amazon.com/images/I/41hjxJMTGJL._SL500_.jpg" alt="Product Image"></a><p>Solarhome Air Filter 333-D2696 333D2696 Compatible with JCB Backhoe Loader 3CX 4CX Telehandler 531-70</p><p>$34.50</p><a href="https://www.amazon.com/dp/B0B58G8WRX?tag=eloabder-20&linkCode=osi&th=1&psc=1">View Product</a></div>




<div class="product"><a href="https://www.amazon.com/dp/B07G7XG6BV?tag=eloabder-20&linkCode=osi&th=1&psc=1"><img src="https://m.media-amazon.com/images/I/510tZGutn6L._SL500_.jpg" alt="Product Image"></a><p>Holikme 6Pack Cleaning Brush Power Scrubber Cleaning Brush Extended Long Attachment Set All Purpose Scrub Brushes Kit for Grout, Floor, Tub, Shower, Tile, Bathroom,Car Cleaning Brush，Yellow</p><p>$6.95</p><a href="https://www.amazon.com/dp/B07G7XG6BV?tag=eloabder-20&linkCode=osi&th=1&psc=1">View Product</a></div>



<div class="product"><a href="https://www.amazon.com/dp/B000FW2NWQ?tag=eloabder-20&linkCode=osi&th=1&psc=1"><img src="https://m.media-amazon.com/images/I/31VlBDw7uDL._SL500_.jpg" alt="Product Image"></a><p>Performance Tool W233 12-Inch Long Reach Extension Scraper with 3pc Double Edged Plastic Razor Scraper Blades and 3pc Carbon Steel Razor Scraper Blades</p><p>$10.31</p><a href="https://www.amazon.com/dp/B000FW2NWQ?tag=eloabder-20&linkCode=osi&th=1&psc=1">View Product</a></div>
<div class="product"><a href="https://www.amazon.com/dp/B0BV2CQ5SW?tag=eloabder-20&linkCode=osi&th=1&psc=1"><img src="https://m.media-amazon.com/images/I/51VkTDjGg4L._SL500_.jpg" alt="Product Image"></a><p>Filterelated Mixed Bed Deionized Di Resin Filter Fill, Suitable For Spotless Car Wash System Filter Change, Tds Filter, Aquarium Filter, Deionized Car Wash,5 Liters</p><p>$49.99</p><a href="https://www.amazon.com/dp/B0BV2CQ5SW?tag=eloabder-20&linkCode=osi&th=1&psc=1">View Product</a></div><div class="product"><a href="https://www.amazon.com/dp/B01MRVQ9UE?tag=eloabder-20&linkCode=osi&th=1&psc=1"><img src="https://m.media-amazon.com/images/I/51+i6fjU6tL._SL500_.jpg" alt="Product Image"></a><p>Husqvarna XP Pre-Mixed Fuel and Engine Oil Quart (3 Pack),Blue</p><p>$32.99 ($0.34 / Count)</p><a href="https://www.amazon.com/dp/B01MRVQ9UE?tag=eloabder-20&linkCode=osi&th=1&psc=1">View Product</a></div>




<div class="product"><a href="https://www.amazon.com/dp/B01N2G2NEJ?tag=eloabder-20&linkCode=osi&th=1&psc=1"><img src="https://m.media-amazon.com/images/I/41-5g4zEDpL._SL500_.jpg" alt="Product Image"></a><p>Chemical Guys SPI10816 Heavy Duty Water Spot Remover, Safe for Cars, Trucks, Motorcycles, RVs & More, 16 fl oz</p><p>$17.97 ($1.12 / Fl Oz)</p><a href="https://www.amazon.com/dp/B01N2G2NEJ?tag=eloabder-20&linkCode=osi&th=1&psc=1">View Product</a></div>









<div class="product"><a href="https://www.amazon.com/dp/B08YRVH2QV?tag=eloabder-20&linkCode=osi&th=1&psc=1"><img src="https://m.media-amazon.com/images/I/5164O-Jr2QL._SL500_.jpg" alt="Product Image"></a><p>Thetford AquaMAX Summer Cypress Scent RV Holding Tank Treatment, Formaldehyde Free, Waste Digester, Septic Tank Safe, 5 Gallon Bottle (96754)</p><p>$248.18</p><a href="https://www.amazon.com/dp/B08YRVH2QV?tag=eloabder-20&linkCode=osi&th=1&psc=1">View Product</a></div><div class="product"><a href="https://www.amazon.com/dp/B0BPMW7485?tag=eloabder-20&linkCode=osi&th=1&psc=1"><img src="https://m.media-amazon.com/images/I/51WNuQeew7L._SL500_.jpg" alt="Product Image"></a><p>XFasten Butyl Tape Black 1/2” x 30’ x 1/8" Butyl Sealant Tape Headlight Sealant Putty Tape | Black Butyl Caulking Tape | Butyl Tape RV Putty Tape EPDM Automotive Butyl Rubber Window Sealant for RV</p><p>$13.99 ($0.47 / Foot)</p><a href="https://www.amazon.com/dp/B0BPMW7485?tag=eloabder-20&linkCode=osi&th=1&psc=1">View Product</a></div>
<div class="product"><a href="https://www.amazon.com/dp/B006DXWZQU?tag=eloabder-20&linkCode=osi&th=1&psc=1"><img src="https://m.media-amazon.com/images/I/41wtqfFFfQL._SL500_.jpg" alt="Product Image"></a><p>FRAM Ultra Synthetic Automotive Replacement Oil Filter, Designed for Synthetic Oil Changes Lasting up to 20k Miles, XG10575 with SureGrip (Pack of 1)</p><p>$10.79</p><a href="https://www.amazon.com/dp/B006DXWZQU?tag=eloabder-20&linkCode=osi&th=1&psc=1">View Product</a></div><div class="product"><a href="https://www.amazon.com/dp/B01LH7L0XA?tag=eloabder-20&linkCode=osi&th=1&psc=1"><img src="https://m.media-amazon.com/images/I/41yD3QmbyZL._SL500_.jpg" alt="Product Image"></a><p>Shell Rotella T4 Triple Protection Conventional 15W-40 Diesel Engine Oil (1-Gallon, Single Pack)</p><p>$15.98 ($0.12 / Fl Oz)</p><a href="https://www.amazon.com/dp/B01LH7L0XA?tag=eloabder-20&linkCode=osi&th=1&psc=1">View Product</a></div><div class="product"><a href="https://www.amazon.com/dp/B00ICSWGJ0?tag=eloabder-20&linkCode=osi&th=1&psc=1"><img src="https://m.media-amazon.com/images/I/41Ahz5dVc5L._SL500_.jpg" alt="Product Image"></a><p>Castrol Edge 5W-30 Advanced Full Synthetic Motor Oil, 5 Quarts</p><p>$24.72 ($0.15 / Fl Oz)</p><a href="https://www.amazon.com/dp/B00ICSWGJ0?tag=eloabder-20&linkCode=osi&th=1&psc=1">View Product</a></div><div class="product"><a href="https://www.amazon.com/dp/B01N8RPDT8?tag=eloabder-20&linkCode=osi&th=1&psc=1"><img src="https://m.media-amazon.com/images/I/41Qm+9e8sCL._SL500_.jpg" alt="Product Image"></a><p>Motorcraft - Oil - Engine (XO10W305Q3SD)</p><p>$32.27</p><a href="https://www.amazon.com/dp/B01N8RPDT8?tag=eloabder-20&linkCode=osi&th=1&psc=1">View Product</a></div>
<div class="product"><a href="https://www.amazon.com/dp/B07FTRZLM5?tag=eloabder-20&linkCode=osi&th=1&psc=1"><img src="https://m.media-amazon.com/images/I/416uoNYOsXL._SL500_.jpg" alt="Product Image"></a><p>Chemical Guys HOL126 14-Piece Arsenal Builder Car Wash Kit with Foam Gun, Bucket, and (5) 16 oz Car Care Cleaning Chemicals, Gift for Car & Truck Lovers, Dads and DIYers (Works w/Garden Hose)</p><p>$119.99</p><a href="https://www.amazon.com/dp/B07FTRZLM5?tag=eloabder-20&linkCode=osi&th=1&psc=1">View Product</a></div><div class="product"><a href="https://www.amazon.com/dp/B0741RL23Q?tag=eloabder-20&linkCode=osi&th=1&psc=1"><img src="https://m.media-amazon.com/images/I/410wwKZBYVL._SL500_.jpg" alt="Product Image"></a><p>Chemical Guys SPI220 Total Interior Cleaner and Protectant, Safe for Cars, Trucks, SUVs, Jeeps, Motorcycles, RVs & More, 128 fl oz (1 Gallon)</p><p>$54.99 ($0.43 / Fl Oz)</p><a href="https://www.amazon.com/dp/B0741RL23Q?tag=eloabder-20&linkCode=osi&th=1&psc=1">View Product</a></div><div class="product"><a href="https://www.amazon.com/dp/B002J7VX4Y?tag=eloabder-20&linkCode=osi&th=1&psc=1"><img src="https://m.media-amazon.com/images/I/41oijnffQ0L._SL500_.jpg" alt="Product Image"></a><p>Chemical Guys AIR_101_16 New Car Smell Premium Air Freshener and Odor Eliminator, Long-Lasting Scent, Great for Cars, Trucks, SUVs, RVs & More, 16 fl oz</p><p>$10.99 ($0.69 / Fl Oz)</p><a href="https://www.amazon.com/dp/B002J7VX4Y?tag=eloabder-20&linkCode=osi&th=1&psc=1">View Product</a></div><div class="product"><a href="https://www.amazon.com/dp/B077TPG55M?tag=eloabder-20&linkCode=osi&th=1&psc=1"><img src="https://m.media-amazon.com/images/I/51aYksYRthL._SL500_.jpg" alt="Product Image"></a><p>Chemical Guys CWS20264 Tough Mudder Foaming Truck, Off Road, ATV and RV Heavy Duty Wash Soap,(Works with Foam Cannons, Foam Guns or Bucket Washes), 64 fl oz (Half Gallon), Lemon Scent</p><p>$39.99 ($0.62 / Fl Oz)</p><a href="https://www.amazon.com/dp/B077TPG55M?tag=eloabder-20&linkCode=osi&th=1&psc=1">View Product</a></div><div class="product"><a href="https://www.amazon.com/dp/B00BJCAPEE?tag=eloabder-20&linkCode=osi&th=1&psc=1"><img src="https://m.media-amazon.com/images/I/416RIPKVW1L._SL500_.jpg" alt="Product Image"></a><p>Chemical Guys CWS_402 Mr. Pink Foaming Car Wash Soap (Works with Foam Cannons, Foam Guns or Bucket Washes) Safe for Cars, Trucks, Motorcycles, RVs & More, 128 fl oz, Candy Scent</p><p>$39.99 ($0.31 / Fl Oz)</p><a href="https://www.amazon.com/dp/B00BJCAPEE?tag=eloabder-20&linkCode=osi&th=1&psc=1">View Product</a></div><div class="product"><a href="https://www.amazon.com/dp/B01C6AISUK?tag=eloabder-20&linkCode=osi&th=1&psc=1"><img src="https://m.media-amazon.com/images/I/41FrDCDPB6S._SL500_.jpg" alt="Product Image"></a><p>Chemical Guys CLD_700_16 Mat Renew Rubber + Vinyl Floor Mat Cleaner And Protectant, Safe for Cars, Trucks, SUVs, Motorcycles, RVs & More, 16 fl oz</p><p>$10.99 ($0.69 / Fl Oz)</p><a href="https://www.amazon.com/dp/B01C6AISUK?tag=eloabder-20&linkCode=osi&th=1&psc=1">View Product</a></div><div class="product"><a href="https://www.amazon.com/dp/B01N76S0A7?tag=eloabder-20&linkCode=osi&th=1&psc=1"><img src="https://m.media-amazon.com/images/I/51jurhYPCgL._SL500_.jpg" alt="Product Image"></a><p>Chemical Guys HOL131 Premium Chenille Microfiber Car Wash Mop and Heavy Duty Extendable Pole Kit (Great for RVs, Trucks, SUVs, Jeeps & Large Vehicles), With Mr. Pink Foaming Car Wash Soap - 4 fl oz</p><p>$49.99</p><a href="https://www.amazon.com/dp/B01N76S0A7?tag=eloabder-20&linkCode=osi&th=1&psc=1">View Product</a></div><div class="product"><a href="https://www.amazon.com/dp/B009OTW646?tag=eloabder-20&linkCode=osi&th=1&psc=1"><img src="https://m.media-amazon.com/images/I/41lG36UqLBL._SL500_.jpg" alt="Product Image"></a><p>Chemical Guys CWS 110 Honeydew Snow Foam Car Wash Soap (Works with Foam Cannons, Guns or Bucket Washes) Safe for Trucks, Motorcycles, RVs & More, 128 fl oz (1 Gallon), Honeydew Scent</p><p>$39.99 ($0.31 / Fl Oz)</p><a href="https://www.amazon.com/dp/B009OTW646?tag=eloabder-20&linkCode=osi&th=1&psc=1">View Product</a></div><div class="product"><a href="https://www.amazon.com/dp/B08P54Z2C2?tag=eloabder-20&linkCode=osi&th=1&psc=1"><img src="https://m.media-amazon.com/images/I/41Ra65iS2OL._SL500_.jpg" alt="Product Image"></a><p>Chemical Guys WAC23316 HydroSpeed Ceramic Quick Detailer, Safe for Cars, Trucks, SUVs, Motorcycles, RVs & More, 16 fl oz</p><p>$24.99</p><a href="https://www.amazon.com/dp/B08P54Z2C2?tag=eloabder-20&linkCode=osi&th=1&psc=1">View Product</a></div>
<div class="product"><a href="https://www.amazon.com/dp/B0C7WLPQC7?tag=eloabder-20&linkCode=osi&th=1&psc=1"><img src="https://m.media-amazon.com/images/I/41hJeSxsSWL._SL500_.jpg" alt="Product Image"></a><p>Detail King Car Odor Removal - Chlorine Dioxide Cup - Extreme Odor Eliminator For Car - Safe And Easy To Use (3 Oz (Pack of 1) - Plastic)</p><p>$24.95 ($8.32 / Ounce)</p><a href="https://www.amazon.com/dp/B0C7WLPQC7?tag=eloabder-20&linkCode=osi&th=1&psc=1">View Product</a></div>

<div class="product"><a href="https://www.amazon.com/dp/B0052XFWCG?tag=eloabder-20&linkCode=osi&th=1&psc=1"><img src="https://m.media-amazon.com/images/I/41qajeJVXLL._SL500_.jpg" alt="Product Image"></a><p>Hot Shot's Secret HSS64Z Original Stiction Eliminator 64 Fluid Ounce Bottle, Green</p><p>$53.45 ($0.84 / Fl Oz)</p><a href="https://www.amazon.com/dp/B0052XFWCG?tag=eloabder-20&linkCode=osi&th=1&psc=1">View Product</a></div><div class="product"><a href="https://www.amazon.com/dp/B009M64CAW?tag=eloabder-20&linkCode=osi&th=1&psc=1"><img src="https://m.media-amazon.com/images/I/417D8X0nkBL._SL500_.jpg" alt="Product Image"></a><p>Lucas Oil 10679 Hot Rod & Classic Car SAE 10W-30 Motor Oil - 5 Quart</p><p>$38.50 ($0.24 / Fl Oz)</p><a href="https://www.amazon.com/dp/B009M64CAW?tag=eloabder-20&linkCode=osi&th=1&psc=1">View Product</a></div><div class="product"><a href="https://www.amazon.com/dp/B01L9ARY9O?tag=eloabder-20&linkCode=osi&th=1&psc=1"><img src="https://m.media-amazon.com/images/I/51yaZAYH75L._SL500_.jpg" alt="Product Image"></a><p>FPPF Chemical Co 00161 16 OZ HOT 4-in-1 Heating Oil Treatment (2 Bottles)</p><p>$26.42</p><a href="https://www.amazon.com/dp/B01L9ARY9O?tag=eloabder-20&linkCode=osi&th=1&psc=1">View Product</a></div><div class="product"><a href="https://www.amazon.com/dp/B009M64CUM?tag=eloabder-20&linkCode=osi&th=1&psc=1"><img src="https://m.media-amazon.com/images/I/41yiWaF8YQL._SL500_.jpg" alt="Product Image"></a><p>Lucas Oil 10683 Hot Rod & Classic Car SAE 10W-40 Motor Oil - 5 Quart</p><p>$43.24 ($0.27 / Fl Oz)</p><a href="https://www.amazon.com/dp/B009M64CUM?tag=eloabder-20&linkCode=osi&th=1&psc=1">View Product</a></div><div class="product"><a href="https://www.amazon.com/dp/B0973HNRH9?tag=eloabder-20&linkCode=osi&th=1&psc=1"><img src="https://m.media-amazon.com/images/I/41kyGGJa--L._SL500_.jpg" alt="Product Image"></a><p>Hot Shot's Secret FR3 Friction Reducer 64 Fluid Ounce 2 Quarts, Light Yellow Liquid, (HSSFR364Z)</p><p>$59.73 ($0.93 / Fl Oz)</p><a href="https://www.amazon.com/dp/B0973HNRH9?tag=eloabder-20&linkCode=osi&th=1&psc=1">View Product</a></div><div class="product"><a href="https://www.amazon.com/dp/B082YFQQ25?tag=eloabder-20&linkCode=osi&th=1&psc=1"><img src="https://m.media-amazon.com/images/I/511PTX7LlZL._SL500_.jpg" alt="Product Image"></a><p>Hot Shot's Secret Green Diamond 100 Percent Synthetic 15W40 Oil Diesel 1 Gallon</p><p>$39.99 ($0.31 / Fl Oz)</p><a href="https://www.amazon.com/dp/B082YFQQ25?tag=eloabder-20&linkCode=osi&th=1&psc=1">View Product</a></div>















<div class="product"><a href="https://www.amazon.com/dp/B08PTMXCJL?tag=eloabder-20&linkCode=osi&th=1&psc=1"><img src="https://m.media-amazon.com/images/I/410eJv-7UHL._SL500_.jpg" alt="Product Image"></a><p>Moly Grease | 3% Molybdenum Disulfide | Fifth Wheel | 5th | Automotive | Tractor | Axle | Spline | CV Joint | Lithium EP Grease | High Temp | 35 LB Pail Bucket | Black Moly | NLGI 2 | HeavyDuty Moly</p><p>$174.99 ($0.31 / Ounce)</p><a href="https://www.amazon.com/dp/B08PTMXCJL?tag=eloabder-20&linkCode=osi&th=1&psc=1">View Product</a></div><div class="product"><a href="https://www.amazon.com/dp/B08PTHJTK5?tag=eloabder-20&linkCode=osi&th=1&psc=1"><img src="https://m.media-amazon.com/images/I/41VdMjJ38aL._SL500_.jpg" alt="Product Image"></a><p>Wheel Bearing Grease Pail | Lithium Complex | High Temp EP | CV Joint | Axle | Automotive | Tractor | Truck | Ball Joint | Marine Boat | Gear | Heavy Duty | Blue | 35 LB Bucket | NLGI 2 | MultiPurpose</p><p>$167.99 ($0.30 / Ounce)</p><a href="https://www.amazon.com/dp/B08PTHJTK5?tag=eloabder-20&linkCode=osi&th=1&psc=1">View Product</a></div><div class="product"><a href="https://www.amazon.com/dp/B0013J1UA6?tag=eloabder-20&linkCode=osi&th=1&psc=1"><img src="https://m.media-amazon.com/images/I/41G0Fkf7KnL._SL500_.jpg" alt="Product Image"></a><p>CRC Food Grade Chain Lube 03055 – 12 Wt. Oz. Aerosol, NSF H1 Gear, Chain, and Wire Lubricant</p><p>$19.25 ($1.60 / Ounce)</p><a href="https://www.amazon.com/dp/B0013J1UA6?tag=eloabder-20&linkCode=osi&th=1&psc=1">View Product</a></div>





<div class="product"><a href="https://www.amazon.com/dp/B08GQ9G2V5?tag=eloabder-20&linkCode=osi&th=1&psc=1"><img src="https://m.media-amazon.com/images/I/511+rapOlWL._SL500_.jpg" alt="Product Image"></a><p>Armor All Car Air Freshener and Purifier, Car Odor Eliminator, 1.5 Ounce (Pack of 3)</p><p>$21.21 ($4.71 / Ounce)</p><a href="https://www.amazon.com/dp/B08GQ9G2V5?tag=eloabder-20&linkCode=osi&th=1&psc=1">View Product</a></div>







<div class="product"><a href="https://www.amazon.com/dp/B001229JCU?tag=eloabder-20&linkCode=osi&th=1&psc=1"><img src="https://m.media-amazon.com/images/I/31W6FuKPMcL._SL500_.jpg" alt="Product Image"></a><p>First Alert EZ Fire Spray, Extinguishing Aerosol Spray, AF400 Red 18 Ounce (Pack of 1)</p><p>$12.49</p><a href="https://www.amazon.com/dp/B001229JCU?tag=eloabder-20&linkCode=osi&th=1&psc=1">View Product</a></div><div class="product"><a href="https://www.amazon.com/dp/B002U0KGDY?tag=eloabder-20&linkCode=osi&th=1&psc=1"><img src="https://m.media-amazon.com/images/I/51p6R+mcRhL._SL500_.jpg" alt="Product Image"></a><p>First Alert EZ Fire Spray, Extinguishing Aerosol Spray, Pack of 2, AF400-2, RED</p><p>$27.02</p><a href="https://www.amazon.com/dp/B002U0KGDY?tag=eloabder-20&linkCode=osi&th=1&psc=1">View Product</a></div>
<div class="product"><a href="https://www.amazon.com/dp/B0088LVBUQ?tag=eloabder-20&linkCode=osi&th=1&psc=1"><img src="https://m.media-amazon.com/images/I/31h7l-l6u2L._SL500_.jpg" alt="Product Image"></a><p>Seymour EN-59 Hi-Tech Engine Spray Paint, General Motors Red</p><p>$9.08 ($0.76 / Ounce)</p><a href="https://www.amazon.com/dp/B0088LVBUQ?tag=eloabder-20&linkCode=osi&th=1&psc=1">View Product</a></div>




<div class="product"><a href="https://www.amazon.com/dp/B000HBNU9K?tag=eloabder-20&linkCode=osi&th=1&psc=1"><img src="https://m.media-amazon.com/images/I/41URzfKaVsL._SL500_.jpg" alt="Product Image"></a><p>Permatex 27828 Body Shop Heavy Duty Headliner Adhesive, High-Strength Spray Adhesive, Repair Detached Or Loose Interior Parts, Dries Clear, Aerosol Can, 16.75 Oz</p><p>$17.05 ($1.02 / Ounce)</p><a href="https://www.amazon.com/dp/B000HBNU9K?tag=eloabder-20&linkCode=osi&th=1&psc=1">View Product</a></div><div class="product"><a href="https://www.amazon.com/dp/B001VXXEXU?tag=eloabder-20&linkCode=osi&th=1&psc=1"><img src="https://m.media-amazon.com/images/I/5112onMwzaL._SL500_.jpg" alt="Product Image"></a><p>Vibra-TITE 213 Red VC-3 Original Threadmate, 250ml Can</p><p>$99.19</p><a href="https://www.amazon.com/dp/B001VXXEXU?tag=eloabder-20&linkCode=osi&th=1&psc=1">View Product</a></div><div class="product"><a href="https://www.amazon.com/dp/B0CWPSLTR1?tag=eloabder-20&linkCode=osi&th=1&psc=1"><img src="https://m.media-amazon.com/images/I/31ytleZjjaL._SL500_.jpg" alt="Product Image"></a><p>P & S PROFESSIONAL DETAIL PRODUCTS - Terminator Enzyme Spot and Stain Remover - Perfect for Deodorizing, Removing Embedded Soils, Grease, Dirt, and Protein-Based Stains; Fresh Scent (1 Quart)</p><p>$25.95 ($0.81 / Fl Oz)</p><a href="https://www.amazon.com/dp/B0CWPSLTR1?tag=eloabder-20&linkCode=osi&th=1&psc=1">View Product</a></div><div class="product"><a href="https://www.amazon.com/dp/B07GFNQL9H?tag=eloabder-20&linkCode=osi&th=1&psc=1"><img src="https://m.media-amazon.com/images/I/41AA3Nbt8OL._SL500_.jpg" alt="Product Image"></a><p>Gunk FEB1 Foamy Engine Brite Engine Cleaner - 17oz. 2 Pack</p><p>$17.95 ($0.53 / Ounce)</p><a href="https://www.amazon.com/dp/B07GFNQL9H?tag=eloabder-20&linkCode=osi&th=1&psc=1">View Product</a></div>



<div class="product"><a href="https://www.amazon.com/dp/B003SKCARK?tag=eloabder-20&linkCode=osi&th=1&psc=1"><img src="https://m.media-amazon.com/images/I/41rvU5irgRL._SL500_.jpg" alt="Product Image"></a><p>Obenauf's Heavy Duty LP Leather Preservative (4oz)- All Natural Beeswax Oil Conditioner- Rejuvenate Restore & Preserve Sunfaded or Cracked Boots Jackets Saddles Car Auto Upholstery Furniture- USA Made</p><p>$15.99</p><a href="https://www.amazon.com/dp/B003SKCARK?tag=eloabder-20&linkCode=osi&th=1&psc=1">View Product</a></div>
Aucun résultat trouvé.

<div class="product"><a href="https://www.amazon.com/dp/B0CLWDDWHX?tag=eloabder-20&linkCode=osi&th=1&psc=1"><img src="https://m.media-amazon.com/images/I/51HPMtia03L._SL500_.jpg" alt="Product Image"></a><p>Fire Fix Fire Extinguisher for Home 5-Pack | Made in USA | Emergency Fire Spray Foam for Apartment, Boat, Camping, Car, House, Kitchen & Vehicle | Safety & Survival | Compact, Small, Safe & Easy Use</p><p>$56.95</p><a href="https://www.amazon.com/dp/B0CLWDDWHX?tag=eloabder-20&linkCode=osi&th=1&psc=1">View Product</a></div><div class="product"><a href="https://www.amazon.com/dp/B0CKZF9H3D?tag=eloabder-20&linkCode=osi&th=1&psc=1"><img src="https://m.media-amazon.com/images/I/41+Q4YdByuL._SL500_.jpg" alt="Product Image"></a><p>Firexo All Fires Fire Extinguisher - Multipurpose Mini Aerosol - Pack of 6 - Home, Kitchen, Car, Garage, Boat, Caravan, Camping Household, ABC, Vehicle, Compact, RV, Emergency Equipment (0.1 Gal)</p><p>$139.99</p><a href="https://www.amazon.com/dp/B0CKZF9H3D?tag=eloabder-20&linkCode=osi&th=1&psc=1">View Product</a></div>
Aucun résultat trouvé.
Aucun résultat trouvé.






<div class="product"><a href="https://www.amazon.com/dp/B00FOKOKMU?tag=eloabder-20&linkCode=osi&th=1&psc=1"><img src="https://m.media-amazon.com/images/I/41KsUW-6WOL._SL500_.jpg" alt="Product Image"></a><p>The Original Leather Recoloring Balm by Furniture Clinic - 16 Colors - Leather Repair Kit for Furniture - Restore Couches, Car Seats & More - Leather Dye for Scratched and Faded Leather (Beige)</p><p>$29.95</p><a href="https://www.amazon.com/dp/B00FOKOKMU?tag=eloabder-20&linkCode=osi&th=1&psc=1">View Product</a></div>


<div class="product"><a href="https://www.amazon.com/dp/B0BQX6CPLS?tag=eloabder-20&linkCode=osi&th=1&psc=1"><img src="https://m.media-amazon.com/images/I/51OtuHOIJpL._SL500_.jpg" alt="Product Image"></a><p>Dry Stop Fire Spray by Prepared Hero - 8 Pack - Portable Fire Extinguisher for Home, Car, Garage, Kitchen - Works on Electrical, Grease, Battery Fires & More - Compact, Easy to Use</p><p>$143.99</p><a href="https://www.amazon.com/dp/B0BQX6CPLS?tag=eloabder-20&linkCode=osi&th=1&psc=1">View Product</a></div><div class="product"><a href="https://www.amazon.com/dp/B0BQX76B9K?tag=eloabder-20&linkCode=osi&th=1&psc=1"><img src="https://m.media-amazon.com/images/I/51iHCSuHw5L._SL500_.jpg" alt="Product Image"></a><p>Vapor Clean Fire Spray by Prepared Hero - 8 Pack - Portable Fire Extinguisher for Home, Car, Garage, Kitchen - Works on Electrical, Grease, Battery Fires & More - Compact, Easy to Use</p><p>$143.99</p><a href="https://www.amazon.com/dp/B0BQX76B9K?tag=eloabder-20&linkCode=osi&th=1&psc=1">View Product</a></div><div class="product"><a href="https://www.amazon.com/dp/B0C32NVZJZ?tag=eloabder-20&linkCode=osi&th=1&psc=1"><img src="https://m.media-amazon.com/images/I/61coxTM3mSL._SL500_.jpg" alt="Product Image"></a><p>Houandg Water-Based Fire Extinguisher- 2 Pack Portable Solution for All Fire Types in Homes, Vehicles, Kitchens - Prevents Re-Ignition</p><p>$33.98</p><a href="https://www.amazon.com/dp/B0C32NVZJZ?tag=eloabder-20&linkCode=osi&th=1&psc=1">View Product</a></div>
<div class="product"><a href="https://www.amazon.com/dp/B00L3W1OAO?tag=eloabder-20&linkCode=osi&th=1&psc=1"><img src="https://m.media-amazon.com/images/I/414uILMLuaL._SL500_.jpg" alt="Product Image"></a><p>Pro F/X Rubber Mask Grease Wheel - 1 Ounce - Trauma</p><p>$27.01</p><a href="https://www.amazon.com/dp/B00L3W1OAO?tag=eloabder-20&linkCode=osi&th=1&psc=1">View Product</a></div>
<div class="product"><a href="https://www.amazon.com/dp/B0CZ16SHCH?tag=eloabder-20&linkCode=osi&th=1&psc=1"><img src="https://m.media-amazon.com/images/I/31pYxaz4gYL._SL500_.jpg" alt="Product Image"></a><p>P & S PROFESSIONAL DETAIL PRODUCTS - Rehab - Paint Correction Creme Safe for All Paint Types and with Multiple pad Types - Easy-to-use-Formula Works at Any Stage of Paint Correction - 1 Quart</p><p>$56.95</p><a href="https://www.amazon.com/dp/B0CZ16SHCH?tag=eloabder-20&linkCode=osi&th=1&psc=1">View Product</a></div><div class="product"><a href="https://www.amazon.com/dp/B082BG8HLX?tag=eloabder-20&linkCode=osi&th=1&psc=1"><img src="https://m.media-amazon.com/images/I/31OAXbv7QFL._SL500_.jpg" alt="Product Image"></a><p>Lithium Auto Elixirs Color Crush- A rather intense approach to an Instant Detailer, Infused with color enhancing technology - Extremely Hydrophobic ingredients, long lasting Instant Detailer</p><p>$19.95 ($1.25 / Fl Oz)</p><a href="https://www.amazon.com/dp/B082BG8HLX?tag=eloabder-20&linkCode=osi&th=1&psc=1">View Product</a></div><div class="product"><a href="https://www.amazon.com/dp/B07MTPWZ76?tag=eloabder-20&linkCode=osi&th=1&psc=1"><img src="https://m.media-amazon.com/images/I/41v5yubrqoL._SL500_.jpg" alt="Product Image"></a><p>Lithium Seal and Squeal Paint Sealant/Polish - Incredible Shine and Lasting Protection - Curable Amino Functional Polymers Fused with Si02 Ceramic Nano Technology -Lasts for up to 12 Months (16 oz)</p><p>$39.99 ($2.50 / Ounce)</p><a href="https://www.amazon.com/dp/B07MTPWZ76?tag=eloabder-20&linkCode=osi&th=1&psc=1">View Product</a></div><div class="product"><a href="https://www.amazon.com/dp/B07MVNX377?tag=eloabder-20&linkCode=osi&th=1&psc=1"><img src="https://m.media-amazon.com/images/I/31gEqFf7rhL._SL500_.jpg" alt="Product Image"></a><p>Leather Love - The Best Leather Conditioner On The Planet, Brings Old Leather Back To Life, All Natural Ingredients Mixed With Serious Science, Restores, Rehydrates, Protects (8oz)</p><p>$28.99 ($3.62 / Ounce)</p><a href="https://www.amazon.com/dp/B07MVNX377?tag=eloabder-20&linkCode=osi&th=1&psc=1">View Product</a></div><div class="product"><a href="https://www.amazon.com/dp/B07MTQP514?tag=eloabder-20&linkCode=osi&th=1&psc=1"><img src="https://m.media-amazon.com/images/I/311IYwH-oaL._SL500_.jpg" alt="Product Image"></a><p>Trim Serum- Plastic Restorer- Restores Even the Most Damaged Plastic, Rubber and Vinyl, Last For Months, Penetrates Plastic Pores Restoring Color. (16 Oz)</p><p>$36.99</p><a href="https://www.amazon.com/dp/B07MTQP514?tag=eloabder-20&linkCode=osi&th=1&psc=1">View Product</a></div><div class="product"><a href="https://www.amazon.com/dp/B07236X7TS?tag=eloabder-20&linkCode=osi&th=1&psc=1"><img src="https://m.media-amazon.com/images/I/51-mgxYD9kL._SL500_.jpg" alt="Product Image"></a><p>Skidmore's Biker Edition Leather Cream | All Natural Formula Cleans, Conditions, and Protects your Motorcycle | Made in USA</p><p>$44.98</p><a href="https://www.amazon.com/dp/B07236X7TS?tag=eloabder-20&linkCode=osi&th=1&psc=1">View Product</a></div><div class="product"><a href="https://www.amazon.com/dp/B001CS6HH4?tag=eloabder-20&linkCode=osi&th=1&psc=1"><img src="https://m.media-amazon.com/images/I/41wY0SB+DWL._SL500_.jpg" alt="Product Image"></a><p>Fiebing's Yellow Saddle Soap for Leather (3.5 oz Tin) - Leather Cleaner & Conditioner to Soften, Protect & Restore Leathercraft - Leather Soap for Car Seat, Couch, Shoe, Purse, Boot, Bag, & Saddles</p><p>$7.15 ($2.04 / Ounce)</p><a href="https://www.amazon.com/dp/B001CS6HH4?tag=eloabder-20&linkCode=osi&th=1&psc=1">View Product</a></div><div class="product"><a href="https://www.amazon.com/dp/B08RHZ1BKD?tag=eloabder-20&linkCode=osi&th=1&psc=1"><img src="https://m.media-amazon.com/images/I/21WKh31c4tL._SL500_.jpg" alt="Product Image"></a><p>Lithium Ignite After Wash - Conditions and Shines Surfaces as You Dry. Streak-Free Hydrophobic Formula adds Lubrication to Stop Micro Scratching While Surfaces pop with Color.</p><p>$21.99 ($1.37 / Fl Oz)</p><a href="https://www.amazon.com/dp/B08RHZ1BKD?tag=eloabder-20&linkCode=osi&th=1&psc=1">View Product</a></div><div class="product"><a href="https://www.amazon.com/dp/B0003A1T3E?tag=eloabder-20&linkCode=osi&th=1&psc=1"><img src="https://m.media-amazon.com/images/I/41042PKJ1ZL._SL500_.jpg" alt="Product Image"></a><p>URAD One step All-In-One Leather conditioner 140g - NEUTRAL</p><p>$16.13</p><a href="https://www.amazon.com/dp/B0003A1T3E?tag=eloabder-20&linkCode=osi&th=1&psc=1">View Product</a></div>

<div class="product"><a href="https://www.amazon.com/dp/B0B3NFH3QY?tag=eloabder-20&linkCode=osi&th=1&psc=1"><img src="https://m.media-amazon.com/images/I/51sKVZnP-WL._SL500_.jpg" alt="Product Image"></a><p>Little Joe 96427-6PK I Love Hockey New Car Scent Red Car Air Freshener A/C Vent Clip Uses Alcohol-Free Fragrance Oil is Non-Hazardous and Non-Toxic Plastic, Pack of 6</p><p>$21.99 ($3.66 / Count)</p><a href="https://www.amazon.com/dp/B0B3NFH3QY?tag=eloabder-20&linkCode=osi&th=1&psc=1">View Product</a></div><div class="product"><a href="https://www.amazon.com/dp/B072275K82?tag=eloabder-20&linkCode=osi&th=1&psc=1"><img src="https://m.media-amazon.com/images/I/41wDnF6SiAL._SL500_.jpg" alt="Product Image"></a><p>Little Joe 96404-6PK Fruit Scent, Car Air Freshener, Clips to A/C Air Vent, Alcohol-Free Fragrance Oil, Non-Hazardous and Non-Toxic Plastic, Set of 6</p><p>$16.60 ($2.77 / Count)</p><a href="https://www.amazon.com/dp/B072275K82?tag=eloabder-20&linkCode=osi&th=1&psc=1">View Product</a></div><div class="product"><a href="https://www.amazon.com/dp/B0CQPQ2S4W?tag=eloabder-20&linkCode=osi&th=1&psc=1"><img src="https://m.media-amazon.com/images/I/31iRknmvjeL._SL500_.jpg" alt="Product Image"></a><p>Little Pup 96613 Blue Raspberry Slushy Scent Car Air Freshener A/C Vent Clip Uses Alcohol-Free Fragrance Oil is Non Hazardous and Non Toxic, Pack of 1</p><p>$3.94</p><a href="https://www.amazon.com/dp/B0CQPQ2S4W?tag=eloabder-20&linkCode=osi&th=1&psc=1">View Product</a></div><div class="product"><a href="https://www.amazon.com/dp/B0CQPNMTM4?tag=eloabder-20&linkCode=osi&th=1&psc=1"><img src="https://m.media-amazon.com/images/I/41eEovL+zML._SL500_.jpg" alt="Product Image"></a><p>Little Joe 96414-6PK Orange Creamsicle Scent Car Air Freshener A/C Vent Clip Uses Alcohol-Free Fragrance Oil is Non-Hazardous and Non-Toxic Plastic, Pack of 6</p><p>$25.99 ($4.33 / Count)</p><a href="https://www.amazon.com/dp/B0CQPNMTM4?tag=eloabder-20&linkCode=osi&th=1&psc=1">View Product</a></div><div class="product"><a href="https://www.amazon.com/dp/B0CH9KNNZN?tag=eloabder-20&linkCode=osi&th=1&psc=1"><img src="https://m.media-amazon.com/images/I/41jX66PGMTL._SL500_.jpg" alt="Product Image"></a><p>TAKAVU Clay Bars Auto Detailing 2 Pack X 100g, Premium Grade Material, Magic Clay Bar Cleaner for Cars, RV, Boat and Bus (Grey)</p><p>$9.99</p><a href="https://www.amazon.com/dp/B0CH9KNNZN?tag=eloabder-20&linkCode=osi&th=1&psc=1">View Product</a></div>

<div class="product"><a href="https://www.amazon.com/dp/B004UM6DLE?tag=eloabder-20&linkCode=osi&th=1&psc=1"><img src="https://m.media-amazon.com/images/I/314nawyx6sL._SL500_.jpg" alt="Product Image"></a><p>CARPRO IronX Iron Remover: Stops Rust Spots and Pre-Mature Failure of The Clear Coat, Iron Contaminant Removal - 500mL with Sprayer (17oz)</p><p>$26.78</p><a href="https://www.amazon.com/dp/B004UM6DLE?tag=eloabder-20&linkCode=osi&th=1&psc=1">View Product</a></div><div class="product"><a href="https://www.amazon.com/dp/B01HXZXO98?tag=eloabder-20&linkCode=osi&th=1&psc=1"><img src="https://m.media-amazon.com/images/I/41Ne9OfQGzL._SL500_.jpg" alt="Product Image"></a><p>Chemical Guys CWS80316 Clean Slate Deep Surface Cleaning Car Wash Soap (Removes Old Car Waxes, Glazes & Sealants for Superior Surface Prep), 16 fl oz, Citrus Scent</p><p>$11.99 ($0.75 / Fl Oz)</p><a href="https://www.amazon.com/dp/B01HXZXO98?tag=eloabder-20&linkCode=osi&th=1&psc=1">View Product</a></div><div class="product"><a href="https://www.amazon.com/dp/B07C39H9YX?tag=eloabder-20&linkCode=osi&th=1&psc=1"><img src="https://m.media-amazon.com/images/I/31yK3Vb5xWL._SL500_.jpg" alt="Product Image"></a><p>Adam's Polishes Iron Remover (16oz) - Iron Out Fallout Rust Remover Spray for Car Detailing | Remove Iron Particles in Car Paint, Motorcycle, RV & Boat | Use Before Clay Bar, Car Wax or Car Wash</p><p>$16.99</p><a href="https://www.amazon.com/dp/B07C39H9YX?tag=eloabder-20&linkCode=osi&th=1&psc=1">View Product</a></div><div class="product"><a href="https://www.amazon.com/dp/B0BTJ9DJM5?tag=eloabder-20&linkCode=osi&th=1&psc=1"><img src="https://m.media-amazon.com/images/I/41tNMqlDrxL._SL500_.jpg" alt="Product Image"></a><p>Torque Detail Decon Wash Pack - Decontamination Soap 8oz + Wash Mitt - Surface Strip Wash Car Shampoo - Highly Absorbent Microfiber Chenille Car Wash Mitt Safely Cleans Your Vehicles Entire Surface</p><p>$24.95 ($3.12 / Fl Oz)</p><a href="https://www.amazon.com/dp/B0BTJ9DJM5?tag=eloabder-20&linkCode=osi&th=1&psc=1">View Product</a></div><div class="product"><a href="https://www.amazon.com/dp/B013K5V9PQ?tag=eloabder-20&linkCode=osi&th=1&psc=1"><img src="https://m.media-amazon.com/images/I/41V3rm6NlZL._SL500_.jpg" alt="Product Image"></a><p>CARPRO PolyShave Decon Towel - Car Detailing Clay Decontamination Faster than Clay Bar, Clean & Release of Paint Contaminants and Glass - Increase Wax and Sealant Bond - 12" x 12" (1 Pack)</p><p>$39.97</p><a href="https://www.amazon.com/dp/B013K5V9PQ?tag=eloabder-20&linkCode=osi&th=1&psc=1">View Product</a></div><div class="product"><a href="https://www.amazon.com/dp/B0B788NBWG?tag=eloabder-20&linkCode=osi&th=1&psc=1"><img src="https://m.media-amazon.com/images/I/51NDfAOuEmL._SL500_.jpg" alt="Product Image"></a><p>P & S Professional Detail Products - Clay Decontamination Towel - Effective Cleaning & Release of Paint Contaminants; Increase Wax & Sealant Bond; Enhance Gloss & Depth of Color; Fine Grade-12" x 12"</p><p>$34.95</p><a href="https://www.amazon.com/dp/B0B788NBWG?tag=eloabder-20&linkCode=osi&th=1&psc=1">View Product</a></div><div class="product"><a href="https://www.amazon.com/dp/B0B27TFK69?tag=eloabder-20&linkCode=osi&th=1&psc=1"><img src="https://m.media-amazon.com/images/I/41zJPQIcqeL._SL500_.jpg" alt="Product Image"></a><p>The Rag Company - Ultra Clay Decontamination Mitt - Easy to Use; Effective Cleaning & Release of Paint Contaminants; Increase Wax & Sealant Bond; Enhance Gloss &Color Depth; Fine Grade (8.7"x5.7")</p><p>$34.95</p><a href="https://www.amazon.com/dp/B0B27TFK69?tag=eloabder-20&linkCode=osi&th=1&psc=1">View Product</a></div><div class="product"><a href="https://www.amazon.com/dp/B0C6XBN14N?tag=eloabder-20&linkCode=osi&th=1&psc=1"><img src="https://m.media-amazon.com/images/I/31BSavOJ89L._SL500_.jpg" alt="Product Image"></a><p>3D Iron Remover GLW Series | DIY Car Detailing | Hyper Effective Wheel Decontamination | Removes Iron Particles, Dirt, Brake Dust | Rapid Results | Ultimate Iron & Surface Contaminate Eliminator, 16oz</p><p>$17.99</p><a href="https://www.amazon.com/dp/B0C6XBN14N?tag=eloabder-20&linkCode=osi&th=1&psc=1">View Product</a></div>







<div class="product"><a href="https://www.amazon.com/dp/B0D2SPCW3G?tag=eloabder-20&linkCode=osi&th=1&psc=1"><img src="https://m.media-amazon.com/images/I/41JYIg6xqqL._SL500_.jpg" alt="Product Image"></a><p>Crankcase Ventilation Oil Separator with Gasket Compatible for 2008-2014 Volvo Mack D13 D16 MP8 Engine Replace 21122541 20499419</p><p>$155.99</p><a href="https://www.amazon.com/dp/B0D2SPCW3G?tag=eloabder-20&linkCode=osi&th=1&psc=1">View Product</a></div>

<div class="product"><a href="https://www.amazon.com/dp/B0C6M2FHGX?tag=eloabder-20&linkCode=osi&th=1&psc=1"><img src="https://m.media-amazon.com/images/I/21wWRrpHdbL._SL500_.jpg" alt="Product Image"></a><p>eMagTech 9PCS Warning Sign Please No Smoking Vaping Food Drink Stickers 110x50mm Self-Adhesive Vinyl Window Decal for Car Taxis Buses Minibuses</p><p>$9.49</p><a href="https://www.amazon.com/dp/B0C6M2FHGX?tag=eloabder-20&linkCode=osi&th=1&psc=1">View Product</a></div>

Aucun résultat trouvé.

<div class="product"><a href="https://www.amazon.com/dp/B0CVWZZMRY?tag=eloabder-20&linkCode=osi&th=1&psc=1"><img src="https://m.media-amazon.com/images/I/512y-1GwQNL._SL500_.jpg" alt="Product Image"></a><p>Jewkot 4 PCS Car Wiper Strip, 28" Boneless Structure Car Windshield Cleaning Wiper Strip, DIY Length Auxiliary Cleaning Replacement Accessory, Suitable for Most Cars, Vans, Trucks, Buses (Black)</p><p>$5.58</p><a href="https://www.amazon.com/dp/B0CVWZZMRY?tag=eloabder-20&linkCode=osi&th=1&psc=1">View Product</a></div>
<div class="product"><a href="https://www.amazon.com/dp/B07L3VQC6W?tag=eloabder-20&linkCode=osi&th=1&psc=1"><img src="https://m.media-amazon.com/images/I/41GebP+2HYL._SL500_.jpg" alt="Product Image"></a><p>BRISA VW Collection Volkswagen Air Freshener, Room Freshener, Deodorizer for Cars T1 Bus Campervan Motif (Citrus/Yellow/Set of 2)</p><p>$13.90 ($6.95 / Count)</p><a href="https://www.amazon.com/dp/B07L3VQC6W?tag=eloabder-20&linkCode=osi&th=1&psc=1">View Product</a></div><div class="product"><a href="https://www.amazon.com/dp/B07L3V86JS?tag=eloabder-20&linkCode=osi&th=1&psc=1"><img src="https://m.media-amazon.com/images/I/41TblWhKhQL._SL500_.jpg" alt="Product Image"></a><p>BRISA VW Collection Volkswagen Air Freshener, Room Freshener, Deodorizer for Cars T1 Bus Campervan Motif (New Car/Green/Set of 2)</p><p>$13.90 ($6.95 / Count)</p><a href="https://www.amazon.com/dp/B07L3V86JS?tag=eloabder-20&linkCode=osi&th=1&psc=1">View Product</a></div>


Aucun résultat trouvé.










<div class="product"><a href="https://www.amazon.com/dp/B099HL5SV2?tag=eloabder-20&linkCode=osi&th=1&psc=1"><img src="https://m.media-amazon.com/images/I/31kcR8HnylL._SL500_.jpg" alt="Product Image"></a><p>Philips GoPure GP5212 High Performance HEPA Air Purifier for Car, Removes up to 100 Pollutants, Exhaust Fumes, VOCs, Smoke, Bad Odors, Bacteria and Viruses</p><p>$77.59</p><a href="https://www.amazon.com/dp/B099HL5SV2?tag=eloabder-20&linkCode=osi&th=1&psc=1">View Product</a></div><div class="product"><a href="https://www.amazon.com/dp/B07TB419F7?tag=eloabder-20&linkCode=osi&th=1&psc=1"><img src="https://m.media-amazon.com/images/I/41l9XK-u-eL._SL500_.jpg" alt="Product Image"></a><p>Enoch Ionic Car Air Purifier with Dual USB Car Charger. Car Air Freshener Eliminates Odor, Dust. Removes Smoke, Pet and Food Odor. Ionic Ozone Car Deodorizer (Matt Black)</p><p>$24.50</p><a href="https://www.amazon.com/dp/B07TB419F7?tag=eloabder-20&linkCode=osi&th=1&psc=1">View Product</a></div><div class="product"><a href="https://www.amazon.com/dp/B08C9LKKMM?tag=eloabder-20&linkCode=osi&th=1&psc=1"><img src="https://m.media-amazon.com/images/I/41uJDRzxfrL._SL500_.jpg" alt="Product Image"></a><p>4WDKING Car Air Purifier Ionizer, 12V Plug-in Car Air Freshener Gadgets with Dual USB Charger Removes Cigarette Smoke, Pet and Food Odor, Ionic Ozone (Black)</p><p>$22.99</p><a href="https://www.amazon.com/dp/B08C9LKKMM?tag=eloabder-20&linkCode=osi&th=1&psc=1">View Product</a></div><div class="product"><a href="https://www.amazon.com/dp/B07C7D366L?tag=eloabder-20&linkCode=osi&th=1&psc=1"><img src="https://m.media-amazon.com/images/I/51GvjMcOskL._SL500_.jpg" alt="Product Image"></a><p>Car Air Purifier Ionizer - 12V Plug-in Ionic Anti-Microbial Car Deodorizer with Dual USB Charger - Smoke Smell, Pet and Food Odors, Allergens, Viruses Eliminator for Car (Matte Silver)</p><p>$24.99</p><a href="https://www.amazon.com/dp/B07C7D366L?tag=eloabder-20&linkCode=osi&th=1&psc=1">View Product</a></div><div class="product"><a href="https://www.amazon.com/dp/B086H3FW7T?tag=eloabder-20&linkCode=osi&th=1&psc=1"><img src="https://m.media-amazon.com/images/I/51FfQTz4koL._SL500_.jpg" alt="Product Image"></a><p>bmbu 1000g Large Bamboo Charcoal Air Purifier Bag - Car Deodorizer/Car Freshener - Remove Odor and Control Moisture in Your RV, Camper, SUV, Car, Truck, Closet, Mobile Home, Storage - Non Fragrant</p><p>$22.99 ($0.65 / Ounce)</p><a href="https://www.amazon.com/dp/B086H3FW7T?tag=eloabder-20&linkCode=osi&th=1&psc=1">View Product</a></div><div class="product"><a href="https://www.amazon.com/dp/B019NXUJ5K?tag=eloabder-20&linkCode=osi&th=1&psc=1"><img src="https://m.media-amazon.com/images/I/31grLw6pdUL._SL500_.jpg" alt="Product Image"></a><p>PURGGO Car Air Freshener - Lasts 365+ Days No Chemicals 100% Activated Bamboo Charcoal Fragrance-Free Deodorizer, Natural Auto Odor Eliminator, Purifier, Neutralizer, Absorb Smoke Smell</p><p>$25.99</p><a href="https://www.amazon.com/dp/B019NXUJ5K?tag=eloabder-20&linkCode=osi&th=1&psc=1">View Product</a></div><div class="product"><a href="https://www.amazon.com/dp/B0CT5TBKH5?tag=eloabder-20&linkCode=osi&th=1&psc=1"><img src="https://m.media-amazon.com/images/I/41UB7n6FuwL._SL500_.jpg" alt="Product Image"></a><p>Timgle 1 Pack Car Air Freshener, Lasts 365+ Days, No Chemicals 100% Activated Bamboo Charcoal Fragrance, Free Deodorizer, Natural Auto Odor Eliminator, Purifier, Neutralizer (Khaki Strap)</p><p>$10.99</p><a href="https://www.amazon.com/dp/B0CT5TBKH5?tag=eloabder-20&linkCode=osi&th=1&psc=1">View Product</a></div><div class="product"><a href="https://www.amazon.com/dp/B00V4049K2?tag=eloabder-20&linkCode=osi&th=1&psc=1"><img src="https://m.media-amazon.com/images/I/51rLLMGOc6L._SL500_.jpg" alt="Product Image"></a><p>PURGGO Car Air Freshener - Auto Odor Eliminator - 100% Activated Bamboo Charcoal Air Purifier, Ionizer - Absorb and Remove Smoke Smell - Fragrance-Free Deodorizer - Lasts 365+ Days [Classic Beige]</p><p>$25.99</p><a href="https://www.amazon.com/dp/B00V4049K2?tag=eloabder-20&linkCode=osi&th=1&psc=1">View Product</a></div>








<div class="product"><a href="https://www.amazon.com/dp/B00RYGK12K?tag=eloabder-20&linkCode=osi&th=1&psc=1"><img src="https://m.media-amazon.com/images/I/51RdEyCkvuL._SL500_.jpg" alt="Product Image"></a><p>Little Trees Cardboard Hanging Car, Home & Office Air Freshener, Summer Linen (Pack of 12)</p><p>$11.82 ($0.98 / Count)</p><a href="https://www.amazon.com/dp/B00RYGK12K?tag=eloabder-20&linkCode=osi&th=1&psc=1">View Product</a></div><div class="product"><a href="https://www.amazon.com/dp/B00LM54ZD0?tag=eloabder-20&linkCode=osi&th=1&psc=1"><img src="https://m.media-amazon.com/images/I/41YuRNweefL._SL500_.jpg" alt="Product Image"></a><p>LITTLE TREES Air Fresheners Car Air Freshener. Hanging Tree Provides Long Lasting Scent for Auto or Home. Black Ice, 24 Air Fresheners</p><p>$20.19 ($0.84 / Count)</p><a href="https://www.amazon.com/dp/B00LM54ZD0?tag=eloabder-20&linkCode=osi&th=1&psc=1">View Product</a></div><div class="product"><a href="https://www.amazon.com/dp/B09BB4V1Y8?tag=eloabder-20&linkCode=osi&th=1&psc=1"><img src="https://m.media-amazon.com/images/I/51AKMdDLO-L._SL500_.jpg" alt="Product Image"></a><p>DRIVEJOY Car Air Freshener Vent Clips, 8 PK, 6 Ocean, 2 New Car Scent, Car Fresheners for Men Women, Up to 240 Days, Long Lasting Air Freshener for Car, Odor Eliminator</p><p>$9.98 ($9.60 / Fl Oz)</p><a href="https://www.amazon.com/dp/B09BB4V1Y8?tag=eloabder-20&linkCode=osi&th=1&psc=1">View Product</a></div><div class="product"><a href="https://www.amazon.com/dp/B078JWRLYT?tag=eloabder-20&linkCode=osi&th=1&psc=1"><img src="https://m.media-amazon.com/images/I/41shbIl-LEL._SL500_.jpg" alt="Product Image"></a><p>California Scents Air Freshener 4-Pack Car Air Freshener (Coronado Cherry)</p><p>$12.88 ($2.15 / Ounce)</p><a href="https://www.amazon.com/dp/B078JWRLYT?tag=eloabder-20&linkCode=osi&th=1&psc=1">View Product</a></div><div class="product"><a href="https://www.amazon.com/dp/B0CW4CJWW9?tag=eloabder-20&linkCode=osi&th=1&psc=1"><img src="https://m.media-amazon.com/images/I/417lKQ0MXPL._SL500_.jpg" alt="Product Image"></a><p>Karma, Essential Oil Air Freshener for Cars Set of 2, Home & Office - Colorful Decorative Hanging Air Freshener with Tassel, Buttercup Vanilla Scented</p><p>$8.40 ($4.20 / Count)</p><a href="https://www.amazon.com/dp/B0CW4CJWW9?tag=eloabder-20&linkCode=osi&th=1&psc=1">View Product</a></div><div class="product"><a href="https://www.amazon.com/dp/B00AYCXL2I?tag=eloabder-20&linkCode=osi&th=1&psc=1"><img src="https://m.media-amazon.com/images/I/5165h10nKbL._SL500_.jpg" alt="Product Image"></a><p>Febreze Car Air Fresheners, New Car Scent, Odor Eliminator for Strong Odors Car Vent Clips (2 Count)</p><p>$9.98 ($4.99 / Count)</p><a href="https://www.amazon.com/dp/B00AYCXL2I?tag=eloabder-20&linkCode=osi&th=1&psc=1">View Product</a></div><div class="product"><a href="https://www.amazon.com/dp/B01LZ0N1MJ?tag=eloabder-20&linkCode=osi&th=1&psc=1"><img src="https://m.media-amazon.com/images/I/41J5LJGof9L._SL500_.jpg" alt="Product Image"></a><p>LITTLE TREES Car Air Freshener | Hanging Paper Tree for Home or Car | New Car Scent | 12 Pack</p><p>$11.70 ($0.98 / Count)</p><a href="https://www.amazon.com/dp/B01LZ0N1MJ?tag=eloabder-20&linkCode=osi&th=1&psc=1">View Product</a></div><div class="product"><a href="https://www.amazon.com/dp/B0C2Q2VGPZ?tag=eloabder-20&linkCode=osi&th=1&psc=1"><img src="https://m.media-amazon.com/images/I/413gckSL1EL._SL500_.jpg" alt="Product Image"></a><p>Savage Disposable Card Freshener for Men | Car Scents Air Freshener with Sauvage Fragrance | Strong Car Perfume Air Freshener with Odour Eliminating Technology | Suvage by Perfa</p><p>$6.99</p><a href="https://www.amazon.com/dp/B0C2Q2VGPZ?tag=eloabder-20&linkCode=osi&th=1&psc=1">View Product</a></div>




<div class="product"><a href="https://www.amazon.com/dp/B06WVL7YSG?tag=eloabder-20&linkCode=osi&th=1&psc=1"><img src="https://m.media-amazon.com/images/I/51fO0NuM6nL._SL500_.jpg" alt="Product Image"></a><p>Meguiar's Quik Scratch Eraser Kit, Car Scratch Remover for Repairing Surface Blemishes, Car Care Kit with ScratchX, Drill-Mounted Pad, and Microfiber Towel, 3 Count</p><p>$17.97</p><a href="https://www.amazon.com/dp/B06WVL7YSG?tag=eloabder-20&linkCode=osi&th=1&psc=1">View Product</a></div><div class="product"><a href="https://www.amazon.com/dp/B00P67GSRG?tag=eloabder-20&linkCode=osi&th=1&psc=1"><img src="https://m.media-amazon.com/images/I/41R-vt8tcnL._SL500_.jpg" alt="Product Image"></a><p>Chemical Guys GAP_VKIT_16 V Line Polish and Compound Kit For Light to Heavy Swirls & Scratches (Safe for Cars, Trucks, SUVs, RVs, Motorcycles, & More) 4 - 16 fl oz Items</p><p>$69.99</p><a href="https://www.amazon.com/dp/B00P67GSRG?tag=eloabder-20&linkCode=osi&th=1&psc=1">View Product</a></div>
<div class="product"><a href="https://www.amazon.com/dp/B0BQ1CPLSQ?tag=eloabder-20&linkCode=osi&th=1&psc=1"><img src="https://m.media-amazon.com/images/I/41ikSNNgp5L._SL500_.jpg" alt="Product Image"></a><p>PROPER DETAILING CO. Car Detailing Kit Interior Cleaner, Get Professional Results - Car Interior Cleaning Kit includes 16 oz. interior cleaner, premium boars hair detail brush, and 2 microfiber towels</p><p>$23.99</p><a href="https://www.amazon.com/dp/B0BQ1CPLSQ?tag=eloabder-20&linkCode=osi&th=1&psc=1">View Product</a></div>

<div class="product"><a href="https://www.amazon.com/dp/B0D464228M?tag=eloabder-20&linkCode=osi&th=1&psc=1"><img src="https://m.media-amazon.com/images/I/315VtBe9l-L._SL500_.jpg" alt="Product Image"></a><p>Drift Car Air Freshener - Wood Air Freshener - Car Odor Eliminator - Open Air Scent Starter Kit</p><p>$11.95</p><a href="https://www.amazon.com/dp/B0D464228M?tag=eloabder-20&linkCode=osi&th=1&psc=1">View Product</a></div>
<div class="product"><a href="https://www.amazon.com/dp/B071HR14SJ?tag=eloabder-20&linkCode=osi&th=1&psc=1"><img src="https://m.media-amazon.com/images/I/41crypCefDL._SL500_.jpg" alt="Product Image"></a><p>Meguiar's Gold Class Car Wash Soap, Ultra-Rich Car Wash Soap and Conditioner for Car Cleaning, Car Wash Soap to Clean and Condition in One Easy Step, 1 Gallon Car Wash Soap</p><p>$24.99 ($0.20 / Ounce)</p><a href="https://www.amazon.com/dp/B071HR14SJ?tag=eloabder-20&linkCode=osi&th=1&psc=1">View Product</a></div><div class="product"><a href="https://www.amazon.com/dp/B085R9L9Q9?tag=eloabder-20&linkCode=osi&th=1&psc=1"><img src="https://m.media-amazon.com/images/I/41tAv1FNbZL._SL500_.jpg" alt="Product Image"></a><p>Armor All Extreme Shield Protectant Spray , Interior Car Cleaner with UV Protection Against Cracking and Fading, 16 Fl Oz</p><p>$8.98 ($0.56 / Fl Oz)</p><a href="https://www.amazon.com/dp/B085R9L9Q9?tag=eloabder-20&linkCode=osi&th=1&psc=1">View Product</a></div><div class="product"><a href="https://www.amazon.com/dp/B016NA9Y4S?tag=eloabder-20&linkCode=osi&th=1&psc=1"><img src="https://m.media-amazon.com/images/I/31oz8VJFdjL._SL500_.jpg" alt="Product Image"></a><p>Rain-X 5079281-2 Latitude 2-In-1 Wiper Blades, 26 Inch Windshield Wipers (Pack Of 1), Automotive Replacement Windshield Wiper Blades With Patented Rain-X Water Repellency Formula</p><p>$17.08</p><a href="https://www.amazon.com/dp/B016NA9Y4S?tag=eloabder-20&linkCode=osi&th=1&psc=1">View Product</a></div><div class="product"><a href="https://www.amazon.com/dp/B0D2PCCJVK?tag=eloabder-20&linkCode=osi&th=1&psc=1"><img src="https://m.media-amazon.com/images/I/41BFT-c3a9L._SL500_.jpg" alt="Product Image"></a><p>HoogaLife Car Air Freshener Diffuser – Revitalize Your Drive with Hanging Air Freshener Diffuser Aromatic Bliss On The Go(VANILLA CREAM)</p><p>$12.99 ($24.06 / Fl Oz)</p><a href="https://www.amazon.com/dp/B0D2PCCJVK?tag=eloabder-20&linkCode=osi&th=1&psc=1">View Product</a></div><div class="product"><a href="https://www.amazon.com/dp/B0D17SKCLF?tag=eloabder-20&linkCode=osi&th=1&psc=1"><img src="https://m.media-amazon.com/images/I/51VjaK8JNmL._SL500_.jpg" alt="Product Image"></a><p>AIDEA Car Wash Mitt Microfiber, 1PK-Scratch-Free& Lint-Free, Premium Chenille Microfiber Wash Mitt-Green Regular Size (7.12''X10.14'')</p><p>$5.99</p><a href="https://www.amazon.com/dp/B0D17SKCLF?tag=eloabder-20&linkCode=osi&th=1&psc=1">View Product</a></div>








<div class="product"><a href="https://www.amazon.com/dp/B00UZE8D00?tag=eloabder-20&linkCode=osi&th=1&psc=1"><img src="https://m.media-amazon.com/images/I/517VVkgvgcL._SL500_.jpg" alt="Product Image"></a><p>Chemical Guys HOL_996 Convertible Top Cleaner and Protectant Kit, 16 oz, 2 Items</p><p>$29.99</p><a href="https://www.amazon.com/dp/B00UZE8D00?tag=eloabder-20&linkCode=osi&th=1&psc=1">View Product</a></div><div class="product"><a href="https://www.amazon.com/dp/B004HCS4NW?tag=eloabder-20&linkCode=osi&th=1&psc=1"><img src="https://m.media-amazon.com/images/I/41j5b6xRqNL._SL500_.jpg" alt="Product Image"></a><p>Meguiar's Convertible Top Cleaner - Fabric Convertible Top Cleaner and Vinyl Convertible Top Cleaner in One Advanced Formula - Safely Removes Stains, Mildew, Bird Droppings, and More, 16 Oz</p><p>$6.87 ($0.43 / Ounce)</p><a href="https://www.amazon.com/dp/B004HCS4NW?tag=eloabder-20&linkCode=osi&th=1&psc=1">View Product</a></div><div class="product"><a href="https://www.amazon.com/dp/B00UZE80N0?tag=eloabder-20&linkCode=osi&th=1&psc=1"><img src="https://m.media-amazon.com/images/I/31FG83SK9SL._SL500_.jpg" alt="Product Image"></a><p>Chemical Guys SPI_193_16 Convertible Top Protectant and Repellent, (Helps Prevent Fading & Discoloration on Fabric Sot Tops) 16 fl oz (Packaging May Vary)</p><p>$19.99 ($1.25 / Fl Oz)</p><a href="https://www.amazon.com/dp/B00UZE80N0?tag=eloabder-20&linkCode=osi&th=1&psc=1">View Product</a></div><div class="product"><a href="https://www.amazon.com/dp/B00UZE8C1A?tag=eloabder-20&linkCode=osi&th=1&psc=1"><img src="https://m.media-amazon.com/images/I/31aLnXKZxfL._SL500_.jpg" alt="Product Image"></a><p>Chemical Guys ACC_S94 Convertible Top Horse Hair Cleaning Brush, Safe for Cloth Soft Tops, Upholstery, Leather, Furniture, & More</p><p>$14.99</p><a href="https://www.amazon.com/dp/B00UZE8C1A?tag=eloabder-20&linkCode=osi&th=1&psc=1">View Product</a></div><div class="product"><a href="https://www.amazon.com/dp/B000A8JNF0?tag=eloabder-20&linkCode=osi&th=1&psc=1"><img src="https://m.media-amazon.com/images/I/51PLChiVIrL._SL500_.jpg" alt="Product Image"></a><p>303 Products Convertible Fabric Top Cleaning and Care Kit - Cleans And Protects Fabric Tops - Includes Tonneau Cover And Convertible Top Cleaner 16 fl. oz. + Fabric Guard, (30520)</p><p>$32.79 ($1.02 / Fl Oz)</p><a href="https://www.amazon.com/dp/B000A8JNF0?tag=eloabder-20&linkCode=osi&th=1&psc=1">View Product</a></div>
<div class="product"><a href="https://www.amazon.com/dp/B0BCQ1XMWV?tag=eloabder-20&linkCode=osi&th=1&psc=1"><img src="https://m.media-amazon.com/images/I/41lV6Au-S9L._SL500_.jpg" alt="Product Image"></a><p>EMITHSUN® Windshield Wiper Blades Replacement for Honda Civic Coupe 2 Door 2005-2011,That Meet OEM Quality Front Wipers Blade Set for My Car-28"+24"(Set of 2)</p><p>$19.99</p><a href="https://www.amazon.com/dp/B0BCQ1XMWV?tag=eloabder-20&linkCode=osi&th=1&psc=1">View Product</a></div>
<div class="product"><a href="https://www.amazon.com/dp/B00I8ITVZG?tag=eloabder-20&linkCode=osi&th=1&psc=1"><img src="https://m.media-amazon.com/images/I/41TXd564pcL._SL500_.jpg" alt="Product Image"></a><p>ECOGARD XC36067 Premium Cabin Air Filter Fits Hyundai Genesis 2009-2016, Equus 2011-2016 | Genesis G80 2017-2021, G90 2019-2021, GV80 2021 | Kia K900 2020</p><p>$10.98</p><a href="https://www.amazon.com/dp/B00I8ITVZG?tag=eloabder-20&linkCode=osi&th=1&psc=1">View Product</a></div>

<div class="product"><a href="https://www.amazon.com/dp/B097C3NCP1?tag=eloabder-20&linkCode=osi&th=1&psc=1"><img src="https://m.media-amazon.com/images/I/41GXST2+s6L._SL500_.jpg" alt="Product Image"></a><p>Raidbee 12 inch Rear Wiper Blade Replacement for Toyota Corolla Hatchback 2022-2019, Nissan Versa 2019-2014 Back Windshield Wiper (H306/12-B)</p><p>$6.99</p><a href="https://www.amazon.com/dp/B097C3NCP1?tag=eloabder-20&linkCode=osi&th=1&psc=1">View Product</a></div>



<div class="product"><a href="https://www.amazon.com/dp/B0CQ4MLKHJ?tag=eloabder-20&linkCode=osi&th=1&psc=1"><img src="https://m.media-amazon.com/images/I/519f8covwQL._SL500_.jpg" alt="Product Image"></a><p>Feetiger All-in-1 Fire Extinguisher for Home, Kitchen, Car, Garage, RV, Truck, Boat, Camping, Fire Spray that Tackles Multiple Types of Fire, 2pack</p><p>$39.99</p><a href="https://www.amazon.com/dp/B0CQ4MLKHJ?tag=eloabder-20&linkCode=osi&th=1&psc=1">View Product</a></div>
<div class="product"><a href="https://www.amazon.com/dp/B07TS4JV6H?tag=eloabder-20&linkCode=osi&th=1&psc=1"><img src="https://m.media-amazon.com/images/I/412htpDd6fL._SL500_.jpg" alt="Product Image"></a><p>Police Flag Air Freshener, New Car Scent, 6-Pack</p><p>$9.99 ($1.66 / Count)</p><a href="https://www.amazon.com/dp/B07TS4JV6H?tag=eloabder-20&linkCode=osi&th=1&psc=1">View Product</a></div>


<div class="product"><a href="https://www.amazon.com/dp/B009EU5ZNO?tag=eloabder-20&linkCode=osi&th=1&psc=1"><img src="https://m.media-amazon.com/images/I/515MJLZbnoL._SL500_.jpg" alt="Product Image"></a><p>J-B Weld 50133 Plastic Bonder Structural Adhesive Syringe - Tan - 25 ml</p><p>$6.98 ($8.21 / Fl Oz)</p><a href="https://www.amazon.com/dp/B009EU5ZNO?tag=eloabder-20&linkCode=osi&th=1&psc=1">View Product</a></div>



<div class="product"><a href="https://www.amazon.com/dp/B09P6YZP72?tag=eloabder-20&linkCode=osi&th=1&psc=1"><img src="https://m.media-amazon.com/images/I/416rlvu+ayL._SL500_.jpg" alt="Product Image"></a><p>AUTOBOO 26"+20" Windshield Wipers with 16" Rear Wiper Blade Replacement for Dodge Grand Caravan 2008-2012 2013 2014 2015 2016 2017 2018 2019 -Original Factory Quality (Pack of 3)</p><p>$23.99</p><a href="https://www.amazon.com/dp/B09P6YZP72?tag=eloabder-20&linkCode=osi&th=1&psc=1">View Product</a></div><div class="product"><a href="https://www.amazon.com/dp/B0BLYQBDS8?tag=eloabder-20&linkCode=osi&th=1&psc=1"><img src="https://m.media-amazon.com/images/I/51SbpSR2zBL._SL500_.jpg" alt="Product Image"></a><p>A-Premium Engine Air Filter Compatible with Chrysler Town & Country & Dodge Grand Caravan & Ram C/V & Volkswagen Routan, 2011-2020, Flexible Panel, Replace# 4861737AA</p><p>$12.99</p><a href="https://www.amazon.com/dp/B0BLYQBDS8?tag=eloabder-20&linkCode=osi&th=1&psc=1">View Product</a></div>
<div class="product"><a href="https://www.amazon.com/dp/B001FCB4JS?tag=eloabder-20&linkCode=osi&th=1&psc=1"><img src="https://m.media-amazon.com/images/I/21wq6fxqiVL._SL500_.jpg" alt="Product Image"></a><p>Dicor BT-1834-1 Butyl Seal Tape - 1/8" x 3/4" x 30' Repair Tape for RV, Trailer, Motorhome, Window, and Vent Sealing</p><p>$13.15 ($0.44 / Foot)</p><a href="https://www.amazon.com/dp/B001FCB4JS?tag=eloabder-20&linkCode=osi&th=1&psc=1">View Product</a></div>
<div class="product"><a href="https://www.amazon.com/dp/B000BUQOD6?tag=eloabder-20&linkCode=osi&th=1&psc=1"><img src="https://m.media-amazon.com/images/I/41O0CoP1L3L._SL500_.jpg" alt="Product Image"></a><p>Camco Camper/RV Toilet Paper | Sewer-Safe, Septic-Safe & Biodegradable | Designed for Camper, Trailer & Marine Sanitation Systems | 1-Ply Tissue | 4 Toilet Paper Rolls – 280 Sheets per Roll (40275)</p><p>$5.99 ($2.14 / 100 Sheets)</p><a href="https://www.amazon.com/dp/B000BUQOD6?tag=eloabder-20&linkCode=osi&th=1&psc=1">View Product</a></div><div class="product"><a href="https://www.amazon.com/dp/B007JG1W1E?tag=eloabder-20&linkCode=osi&th=1&psc=1"><img src="https://m.media-amazon.com/images/I/41i-j99E9ML._SL500_.jpg" alt="Product Image"></a><p>Camco TST Camper / RV Grey Water Odor Control - Removes Grease Buildup in Gray Water Tank, Sink & Shower Drains - 4oz Treats 40-Gal Holding Tank - Safe Septic Tank Treatment - Lemon, 64 oz (40256)</p><p>$19.94 ($0.31 / Fl Oz)</p><a href="https://www.amazon.com/dp/B007JG1W1E?tag=eloabder-20&linkCode=osi&th=1&psc=1">View Product</a></div><div class="product"><a href="https://www.amazon.com/dp/B016V2OSD0?tag=eloabder-20&linkCode=osi&th=1&psc=1"><img src="https://m.media-amazon.com/images/I/31Jm99RYVXL._SL500_.jpg" alt="Product Image"></a><p>Camco TST MAX RV Toilet Treatment Drop-INs | Control Unwanted Odors and Break Down Waste and Tissue | Septic Tank Safe | Lavender Scent | 15-pack (41559)</p><p>$11.97 ($0.80 / Count)</p><a href="https://www.amazon.com/dp/B016V2OSD0?tag=eloabder-20&linkCode=osi&th=1&psc=1">View Product</a></div>






<div class="product"><a href="https://www.amazon.com/dp/B006GJYOL0?tag=eloabder-20&linkCode=osi&th=1&psc=1"><img src="https://m.media-amazon.com/images/I/41YPjiCzDfL._SL500_.jpg" alt="Product Image"></a><p>Boat Bling HS-0128 Hot Sauce Hard Water Spot Remover, Gallon Refill, for Boats, RVs, Powersport Vehicles and More, Black,1 Gallon</p><p>$54.95 ($0.43 / Fl Oz)</p><a href="https://www.amazon.com/dp/B006GJYOL0?tag=eloabder-20&linkCode=osi&th=1&psc=1">View Product</a></div><div class="product"><a href="https://www.amazon.com/dp/B0000AXVCB?tag=eloabder-20&linkCode=osi&th=1&psc=1"><img src="https://m.media-amazon.com/images/I/51gtsDb7zDL._SL500_.jpg" alt="Product Image"></a><p>Meguiar's M4364 Marine/RV Boat Wash - 64 Oz Container</p><p>$13.99 ($0.22 / Fl Oz)</p><a href="https://www.amazon.com/dp/B0000AXVCB?tag=eloabder-20&linkCode=osi&th=1&psc=1">View Product</a></div><div class="product"><a href="https://www.amazon.com/dp/B0007TR47G?tag=eloabder-20&linkCode=osi&th=1&psc=1"><img src="https://m.media-amazon.com/images/I/41Q4SzlVojL._SL500_.jpg" alt="Product Image"></a><p>Meguiar's Flagship Premium Marine Wax, Boat Polish and Oxidation Remover - 32 Oz Bottle</p><p>$21.49</p><a href="https://www.amazon.com/dp/B0007TR47G?tag=eloabder-20&linkCode=osi&th=1&psc=1">View Product</a></div><div class="product"><a href="https://www.amazon.com/dp/B006GJYLFY?tag=eloabder-20&linkCode=osi&th=1&psc=1"><img src="https://m.media-amazon.com/images/I/31G78TSjssL._SL500_.jpg" alt="Product Image"></a><p>Boat Bling Condition Sauce Premium Interior Moisturizer w/UV Protection, 32 oz.</p><p>$27.95</p><a href="https://www.amazon.com/dp/B006GJYLFY?tag=eloabder-20&linkCode=osi&th=1&psc=1">View Product</a></div><div class="product"><a href="https://www.amazon.com/dp/B006GJYKWI?tag=eloabder-20&linkCode=osi&th=1&psc=1"><img src="https://m.media-amazon.com/images/I/41AcDanNz-L._SL500_.jpg" alt="Product Image"></a><p>Boat Bling VS-0032 Vinyl Sauce Premium Vinyl and Leather Cleaner, 32 Oz., for Boats, RVs, Powersport Vehicles and More</p><p>$22.95 ($0.72 / Fl Oz)</p><a href="https://www.amazon.com/dp/B006GJYKWI?tag=eloabder-20&linkCode=osi&th=1&psc=1">View Product</a></div>
<div class="product"><a href="https://www.amazon.com/dp/B004OJTEKK?tag=eloabder-20&linkCode=osi&th=1&psc=1"><img src="https://m.media-amazon.com/images/I/41q8kkNiKOL._SL500_.jpg" alt="Product Image"></a><p>Shurhold Yacht Brite YBP-0302 Brite Wash - 1 Gallon</p><p>$23.97 ($0.19 / Fl Oz)</p><a href="https://www.amazon.com/dp/B004OJTEKK?tag=eloabder-20&linkCode=osi&th=1&psc=1">View Product</a></div>




<div class="product"><a href="https://www.amazon.com/dp/B0B2RDZNZB?tag=eloabder-20&linkCode=osi&th=1&psc=1"><img src="https://m.media-amazon.com/images/I/51RVSUoRuGL._SL500_.jpg" alt="Product Image"></a><p>Fancemot Helicopter Car Air Fresheners Rotating Solar Car Fresheners Airplane Car Perfume (Osmanthus & Vanilla)</p><p>$14.08</p><a href="https://www.amazon.com/dp/B0B2RDZNZB?tag=eloabder-20&linkCode=osi&th=1&psc=1">View Product</a></div><div class="product"><a href="https://www.amazon.com/dp/B0994PG1ZD?tag=eloabder-20&linkCode=osi&th=1&psc=1"><img src="https://m.media-amazon.com/images/I/413er0A8cVS._SL500_.jpg" alt="Product Image"></a><p>NICEADA Car Air Freshener, Helicopter Solar Energy Rotating Aromatherapy Aviation Al Alloy Diffuser, Interior Decoration Accessories Diffuser for Car and Home (Silver)</p><p>$23.99</p><a href="https://www.amazon.com/dp/B0994PG1ZD?tag=eloabder-20&linkCode=osi&th=1&psc=1">View Product</a></div><div class="product"><a href="https://www.amazon.com/dp/B09ZTMZKSJ?tag=eloabder-20&linkCode=osi&th=1&psc=1"><img src="https://m.media-amazon.com/images/I/41rz5PydC9L._SL500_.jpg" alt="Product Image"></a><p>Air Freshener, Gigicloud Car Fragrance Diffuser Solar Rotating Automotive Air Fresheners Ornament Helicopter Shape Solid Aromatherapy Decoration for Car and Home (Black)</p><p>$15.49</p><a href="https://www.amazon.com/dp/B09ZTMZKSJ?tag=eloabder-20&linkCode=osi&th=1&psc=1">View Product</a></div><div class="product"><a href="https://www.amazon.com/dp/B0CWNNPCD3?tag=eloabder-20&linkCode=osi&th=1&psc=1"><img src="https://m.media-amazon.com/images/I/51nznnJJhfL._SL500_.jpg" alt="Product Image"></a><p>Car Air Freshener Diffuser, KaiDengZhe 1PCS Helicopter Solar Energy Rotating Aromatherapy Aviation Al Alloy Diffuser, Car Diffuser for Essential Oils, Relieve Stress and Purifie Odors for Car and Home</p><p>$15.99</p><a href="https://www.amazon.com/dp/B0CWNNPCD3?tag=eloabder-20&linkCode=osi&th=1&psc=1">View Product</a></div><div class="product"><a href="https://www.amazon.com/dp/B0B8T47G65?tag=eloabder-20&linkCode=osi&th=1&psc=1"><img src="https://m.media-amazon.com/images/I/41d6cgVheqL._SL500_.jpg" alt="Product Image"></a><p>Joyfunky Car Air Fresheners with Solar Rotating, Creative Car Perfume Decoration, Relieve Stress and Purifie Odors, Use at Car, office and Home, Silver</p><p>$12.99</p><a href="https://www.amazon.com/dp/B0B8T47G65?tag=eloabder-20&linkCode=osi&th=1&psc=1">View Product</a></div><div class="product"><a href="https://www.amazon.com/dp/B0D4ZHJVK8?tag=eloabder-20&linkCode=osi&th=1&psc=1"><img src="https://m.media-amazon.com/images/I/41sEhsjtb4L._SL500_.jpg" alt="Product Image"></a><p>NICEADA Helicopter Solar Car Air Freshener Refill Set, Solar Essential Oil Refill Perfume Oil for Car Air Fresheners(4 Packs)</p><p>$21.99 ($24.99 / Fl Oz)</p><a href="https://www.amazon.com/dp/B0D4ZHJVK8?tag=eloabder-20&linkCode=osi&th=1&psc=1">View Product</a></div><div class="product"><a href="https://www.amazon.com/dp/B0D251XW47?tag=eloabder-20&linkCode=osi&th=1&psc=1"><img src="https://m.media-amazon.com/images/I/41x6lmNq9fL._SL500_.jpg" alt="Product Image"></a><p>Helicopter Car Air Fresheners with Solar Rotating, Creative Car Perfume Decoration, Car Airplane Fragrance Diffuser for Car, Home, Office (Silver)</p><p>$13.09</p><a href="https://www.amazon.com/dp/B0D251XW47?tag=eloabder-20&linkCode=osi&th=1&psc=1">View Product</a></div>

<div class="product"><a href="https://www.amazon.com/dp/B0D4154TQG?tag=eloabder-20&linkCode=osi&th=1&psc=1"><img src="https://m.media-amazon.com/images/I/217Iw-nO3UL._SL500_.jpg" alt="Product Image"></a><p>RV Curtain Glide Tape A115, 1/2 Inch Glides Clear RV Curtain Strip Curtain Slide Tape 72 Inches Long Use with Ceiling or Wall Mount Curtain Track A201 A202 (2 Pack)</p><p>$17.99</p><a href="https://www.amazon.com/dp/B0D4154TQG?tag=eloabder-20&linkCode=osi&th=1&psc=1">View Product</a></div>
<div class="product"><a href="https://www.amazon.com/dp/B08W4PQN8L?tag=eloabder-20&linkCode=osi&th=1&psc=1"><img src="https://m.media-amazon.com/images/I/41udmrd6QTL._SL500_.jpg" alt="Product Image"></a><p>Hot Air Balloon Novelty Air Freshener for Car - Sandalwood Scented Automotive Accessory New Mexico Souvenir Gift (Pack of 4)</p><p>$7.99 ($2.00 / Count)</p><a href="https://www.amazon.com/dp/B08W4PQN8L?tag=eloabder-20&linkCode=osi&th=1&psc=1">View Product</a></div>















<div class="product"><a href="https://www.amazon.com/dp/B0CP87K2VD?tag=eloabder-20&linkCode=osi&th=1&psc=1"><img src="https://m.media-amazon.com/images/I/41dTH4OPkcL._SL500_.jpg" alt="Product Image"></a><p>For harley air cleaner filter Touring street glide road king electra tri trike Dyna Sportster XL 883 1200 Softail air intake (Drift style -Contrast Cut, C-For Touring 08-16, Softail 16-17)</p><p>$125.00</p><a href="https://www.amazon.com/dp/B0CP87K2VD?tag=eloabder-20&linkCode=osi&th=1&psc=1">View Product</a></div><div class="product"><a href="https://www.amazon.com/dp/B08DNLNY3G?tag=eloabder-20&linkCode=osi&th=1&psc=1"><img src="https://m.media-amazon.com/images/I/51baNj3o8CL._SL500_.jpg" alt="Product Image"></a><p>2963308 HD1508 Ultra Classic Air Filter Cleaner for 2008-2014 Harley Davidson Street Glide, Electra Glide, Road King, Road Glide Custom, Ultra Classic and other select models HD-1508</p><p>$21.99</p><a href="https://www.amazon.com/dp/B08DNLNY3G?tag=eloabder-20&linkCode=osi&th=1&psc=1">View Product</a></div><div class="product"><a href="https://www.amazon.com/dp/B0CQ2KKC3N?tag=eloabder-20&linkCode=osi&th=1&psc=1"><img src="https://m.media-amazon.com/images/I/31W2a0gAwIL._SL500_.jpg" alt="Product Image"></a><p>High-Flo Replacement Air Filter Element For Ventilator - Milwaukee-Eight Engine '18-later Softail and '17-later Touring and Trike Models Equipped with 114 Air Cleaner</p><p>$39.99</p><a href="https://www.amazon.com/dp/B0CQ2KKC3N?tag=eloabder-20&linkCode=osi&th=1&psc=1">View Product</a></div><div class="product"><a href="https://www.amazon.com/dp/B0CPJ5BSGM?tag=eloabder-20&linkCode=osi&th=1&psc=1"><img src="https://m.media-amazon.com/images/I/41cUadnGKpL._SL500_.jpg" alt="Product Image"></a><p>For harley air cleaner filter sportster street road glide king for harley davidson motorcycle air intake (Nake style -Black, A-For Sportster XL models)</p><p>$169.00</p><a href="https://www.amazon.com/dp/B0CPJ5BSGM?tag=eloabder-20&linkCode=osi&th=1&psc=1">View Product</a></div><div class="product"><a href="https://www.amazon.com/dp/B0CR17NS1M?tag=eloabder-20&linkCode=osi&th=1&psc=1"><img src="https://m.media-amazon.com/images/I/41n57oM0A-L._SL500_.jpg" alt="Product Image"></a><p>For harley air cleaner filter Sportster Softail Touring street road king glide Dyna for harley davidson air intake filters (Speed 7 style -gray filter, C-For Touring 08-16, Softail 16-17)</p><p>$89.00</p><a href="https://www.amazon.com/dp/B0CR17NS1M?tag=eloabder-20&linkCode=osi&th=1&psc=1">View Product</a></div><div class="product"><a href="https://www.amazon.com/dp/B0CR167HDN?tag=eloabder-20&linkCode=osi&th=1&psc=1"><img src="https://m.media-amazon.com/images/I/41o4byfzbRL._SL500_.jpg" alt="Product Image"></a><p>For harley davidson air cleaner filter sportster Touring street glide road king electra Dyna Softail motorcycle air intake (Chromed- gray filter, C-For Touring 2008-2016)</p><p>$99.00</p><a href="https://www.amazon.com/dp/B0CR167HDN?tag=eloabder-20&linkCode=osi&th=1&psc=1">View Product</a></div>







<div class="product"><a href="https://www.amazon.com/dp/B08WH8CWDM?tag=eloabder-20&linkCode=osi&th=1&psc=1"><img src="https://m.media-amazon.com/images/I/41Jj3ouB+1L._SL500_.jpg" alt="Product Image"></a><p>Glaze 'N Seal Color Enhancer Paver Sealer, 1 Gallon (923)</p><p>$62.99</p><a href="https://www.amazon.com/dp/B08WH8CWDM?tag=eloabder-20&linkCode=osi&th=1&psc=1">View Product</a></div>

<div class="product"><a href="https://www.amazon.com/dp/B0B58G8WRX?tag=eloabder-20&linkCode=osi&th=1&psc=1"><img src="https://m.media-amazon.com/images/I/41hjxJMTGJL._SL500_.jpg" alt="Product Image"></a><p>Solarhome Air Filter 333-D2696 333D2696 Compatible with JCB Backhoe Loader 3CX 4CX Telehandler 531-70</p><p>$34.50</p><a href="https://www.amazon.com/dp/B0B58G8WRX?tag=eloabder-20&linkCode=osi&th=1&psc=1">View Product</a></div>




<div class="product"><a href="https://www.amazon.com/dp/B07G7XG6BV?tag=eloabder-20&linkCode=osi&th=1&psc=1"><img src="https://m.media-amazon.com/images/I/510tZGutn6L._SL500_.jpg" alt="Product Image"></a><p>Holikme 6Pack Cleaning Brush Power Scrubber Cleaning Brush Extended Long Attachment Set All Purpose Scrub Brushes Kit for Grout, Floor, Tub, Shower, Tile, Bathroom,Car Cleaning Brush，Yellow</p><p>$6.95</p><a href="https://www.amazon.com/dp/B07G7XG6BV?tag=eloabder-20&linkCode=osi&th=1&psc=1">View Product</a></div>



<div class="product"><a href="https://www.amazon.com/dp/B000FW2NWQ?tag=eloabder-20&linkCode=osi&th=1&psc=1"><img src="https://m.media-amazon.com/images/I/31VlBDw7uDL._SL500_.jpg" alt="Product Image"></a><p>Performance Tool W233 12-Inch Long Reach Extension Scraper with 3pc Double Edged Plastic Razor Scraper Blades and 3pc Carbon Steel Razor Scraper Blades</p><p>$10.31</p><a href="https://www.amazon.com/dp/B000FW2NWQ?tag=eloabder-20&linkCode=osi&th=1&psc=1">View Product</a></div>
<div class="product"><a href="https://www.amazon.com/dp/B0BV2CQ5SW?tag=eloabder-20&linkCode=osi&th=1&psc=1"><img src="https://m.media-amazon.com/images/I/51VkTDjGg4L._SL500_.jpg" alt="Product Image"></a><p>Filterelated Mixed Bed Deionized Di Resin Filter Fill, Suitable For Spotless Car Wash System Filter Change, Tds Filter, Aquarium Filter, Deionized Car Wash,5 Liters</p><p>$49.99</p><a href="https://www.amazon.com/dp/B0BV2CQ5SW?tag=eloabder-20&linkCode=osi&th=1&psc=1">View Product</a></div><div class="product"><a href="https://www.amazon.com/dp/B01MRVQ9UE?tag=eloabder-20&linkCode=osi&th=1&psc=1"><img src="https://m.media-amazon.com/images/I/51+i6fjU6tL._SL500_.jpg" alt="Product Image"></a><p>Husqvarna XP Pre-Mixed Fuel and Engine Oil Quart (3 Pack),Blue</p><p>$32.99 ($0.34 / Count)</p><a href="https://www.amazon.com/dp/B01MRVQ9UE?tag=eloabder-20&linkCode=osi&th=1&psc=1">View Product</a></div>




<div class="product"><a href="https://www.amazon.com/dp/B01N2G2NEJ?tag=eloabder-20&linkCode=osi&th=1&psc=1"><img src="https://m.media-amazon.com/images/I/41-5g4zEDpL._SL500_.jpg" alt="Product Image"></a><p>Chemical Guys SPI10816 Heavy Duty Water Spot Remover, Safe for Cars, Trucks, Motorcycles, RVs & More, 16 fl oz</p><p>$17.97 ($1.12 / Fl Oz)</p><a href="https://www.amazon.com/dp/B01N2G2NEJ?tag=eloabder-20&linkCode=osi&th=1&psc=1">View Product</a></div>









<div class="product"><a href="https://www.amazon.com/dp/B08YRVH2QV?tag=eloabder-20&linkCode=osi&th=1&psc=1"><img src="https://m.media-amazon.com/images/I/5164O-Jr2QL._SL500_.jpg" alt="Product Image"></a><p>Thetford AquaMAX Summer Cypress Scent RV Holding Tank Treatment, Formaldehyde Free, Waste Digester, Septic Tank Safe, 5 Gallon Bottle (96754)</p><p>$248.18</p><a href="https://www.amazon.com/dp/B08YRVH2QV?tag=eloabder-20&linkCode=osi&th=1&psc=1">View Product</a></div><div class="product"><a href="https://www.amazon.com/dp/B0BPMW7485?tag=eloabder-20&linkCode=osi&th=1&psc=1"><img src="https://m.media-amazon.com/images/I/51WNuQeew7L._SL500_.jpg" alt="Product Image"></a><p>XFasten Butyl Tape Black 1/2” x 30’ x 1/8" Butyl Sealant Tape Headlight Sealant Putty Tape | Black Butyl Caulking Tape | Butyl Tape RV Putty Tape EPDM Automotive Butyl Rubber Window Sealant for RV</p><p>$13.99 ($0.47 / Foot)</p><a href="https://www.amazon.com/dp/B0BPMW7485?tag=eloabder-20&linkCode=osi&th=1&psc=1">View Product</a></div>
<div class="product"><a href="https://www.amazon.com/dp/B006DXWZQU?tag=eloabder-20&linkCode=osi&th=1&psc=1"><img src="https://m.media-amazon.com/images/I/41wtqfFFfQL._SL500_.jpg" alt="Product Image"></a><p>FRAM Ultra Synthetic Automotive Replacement Oil Filter, Designed for Synthetic Oil Changes Lasting up to 20k Miles, XG10575 with SureGrip (Pack of 1)</p><p>$10.79</p><a href="https://www.amazon.com/dp/B006DXWZQU?tag=eloabder-20&linkCode=osi&th=1&psc=1">View Product</a></div><div class="product"><a href="https://www.amazon.com/dp/B01LH7L0XA?tag=eloabder-20&linkCode=osi&th=1&psc=1"><img src="https://m.media-amazon.com/images/I/41yD3QmbyZL._SL500_.jpg" alt="Product Image"></a><p>Shell Rotella T4 Triple Protection Conventional 15W-40 Diesel Engine Oil (1-Gallon, Single Pack)</p><p>$15.98 ($0.12 / Fl Oz)</p><a href="https://www.amazon.com/dp/B01LH7L0XA?tag=eloabder-20&linkCode=osi&th=1&psc=1">View Product</a></div><div class="product"><a href="https://www.amazon.com/dp/B00ICSWGJ0?tag=eloabder-20&linkCode=osi&th=1&psc=1"><img src="https://m.media-amazon.com/images/I/41Ahz5dVc5L._SL500_.jpg" alt="Product Image"></a><p>Castrol Edge 5W-30 Advanced Full Synthetic Motor Oil, 5 Quarts</p><p>$24.72 ($0.15 / Fl Oz)</p><a href="https://www.amazon.com/dp/B00ICSWGJ0?tag=eloabder-20&linkCode=osi&th=1&psc=1">View Product</a></div><div class="product"><a href="https://www.amazon.com/dp/B01N8RPDT8?tag=eloabder-20&linkCode=osi&th=1&psc=1"><img src="https://m.media-amazon.com/images/I/41Qm+9e8sCL._SL500_.jpg" alt="Product Image"></a><p>Motorcraft - Oil - Engine (XO10W305Q3SD)</p><p>$32.27</p><a href="https://www.amazon.com/dp/B01N8RPDT8?tag=eloabder-20&linkCode=osi&th=1&psc=1">View Product</a></div>
<div class="product"><a href="https://www.amazon.com/dp/B07FTRZLM5?tag=eloabder-20&linkCode=osi&th=1&psc=1"><img src="https://m.media-amazon.com/images/I/416uoNYOsXL._SL500_.jpg" alt="Product Image"></a><p>Chemical Guys HOL126 14-Piece Arsenal Builder Car Wash Kit with Foam Gun, Bucket, and (5) 16 oz Car Care Cleaning Chemicals, Gift for Car & Truck Lovers, Dads and DIYers (Works w/Garden Hose)</p><p>$119.99</p><a href="https://www.amazon.com/dp/B07FTRZLM5?tag=eloabder-20&linkCode=osi&th=1&psc=1">View Product</a></div><div class="product"><a href="https://www.amazon.com/dp/B0741RL23Q?tag=eloabder-20&linkCode=osi&th=1&psc=1"><img src="https://m.media-amazon.com/images/I/410wwKZBYVL._SL500_.jpg" alt="Product Image"></a><p>Chemical Guys SPI220 Total Interior Cleaner and Protectant, Safe for Cars, Trucks, SUVs, Jeeps, Motorcycles, RVs & More, 128 fl oz (1 Gallon)</p><p>$54.99 ($0.43 / Fl Oz)</p><a href="https://www.amazon.com/dp/B0741RL23Q?tag=eloabder-20&linkCode=osi&th=1&psc=1">View Product</a></div><div class="product"><a href="https://www.amazon.com/dp/B002J7VX4Y?tag=eloabder-20&linkCode=osi&th=1&psc=1"><img src="https://m.media-amazon.com/images/I/41oijnffQ0L._SL500_.jpg" alt="Product Image"></a><p>Chemical Guys AIR_101_16 New Car Smell Premium Air Freshener and Odor Eliminator, Long-Lasting Scent, Great for Cars, Trucks, SUVs, RVs & More, 16 fl oz</p><p>$10.99 ($0.69 / Fl Oz)</p><a href="https://www.amazon.com/dp/B002J7VX4Y?tag=eloabder-20&linkCode=osi&th=1&psc=1">View Product</a></div><div class="product"><a href="https://www.amazon.com/dp/B077TPG55M?tag=eloabder-20&linkCode=osi&th=1&psc=1"><img src="https://m.media-amazon.com/images/I/51aYksYRthL._SL500_.jpg" alt="Product Image"></a><p>Chemical Guys CWS20264 Tough Mudder Foaming Truck, Off Road, ATV and RV Heavy Duty Wash Soap,(Works with Foam Cannons, Foam Guns or Bucket Washes), 64 fl oz (Half Gallon), Lemon Scent</p><p>$39.99 ($0.62 / Fl Oz)</p><a href="https://www.amazon.com/dp/B077TPG55M?tag=eloabder-20&linkCode=osi&th=1&psc=1">View Product</a></div><div class="product"><a href="https://www.amazon.com/dp/B00BJCAPEE?tag=eloabder-20&linkCode=osi&th=1&psc=1"><img src="https://m.media-amazon.com/images/I/416RIPKVW1L._SL500_.jpg" alt="Product Image"></a><p>Chemical Guys CWS_402 Mr. Pink Foaming Car Wash Soap (Works with Foam Cannons, Foam Guns or Bucket Washes) Safe for Cars, Trucks, Motorcycles, RVs & More, 128 fl oz, Candy Scent</p><p>$39.99 ($0.31 / Fl Oz)</p><a href="https://www.amazon.com/dp/B00BJCAPEE?tag=eloabder-20&linkCode=osi&th=1&psc=1">View Product</a></div><div class="product"><a href="https://www.amazon.com/dp/B01C6AISUK?tag=eloabder-20&linkCode=osi&th=1&psc=1"><img src="https://m.media-amazon.com/images/I/41FrDCDPB6S._SL500_.jpg" alt="Product Image"></a><p>Chemical Guys CLD_700_16 Mat Renew Rubber + Vinyl Floor Mat Cleaner And Protectant, Safe for Cars, Trucks, SUVs, Motorcycles, RVs & More, 16 fl oz</p><p>$10.99 ($0.69 / Fl Oz)</p><a href="https://www.amazon.com/dp/B01C6AISUK?tag=eloabder-20&linkCode=osi&th=1&psc=1">View Product</a></div><div class="product"><a href="https://www.amazon.com/dp/B01N76S0A7?tag=eloabder-20&linkCode=osi&th=1&psc=1"><img src="https://m.media-amazon.com/images/I/51jurhYPCgL._SL500_.jpg" alt="Product Image"></a><p>Chemical Guys HOL131 Premium Chenille Microfiber Car Wash Mop and Heavy Duty Extendable Pole Kit (Great for RVs, Trucks, SUVs, Jeeps & Large Vehicles), With Mr. Pink Foaming Car Wash Soap - 4 fl oz</p><p>$49.99</p><a href="https://www.amazon.com/dp/B01N76S0A7?tag=eloabder-20&linkCode=osi&th=1&psc=1">View Product</a></div><div class="product"><a href="https://www.amazon.com/dp/B009OTW646?tag=eloabder-20&linkCode=osi&th=1&psc=1"><img src="https://m.media-amazon.com/images/I/41lG36UqLBL._SL500_.jpg" alt="Product Image"></a><p>Chemical Guys CWS 110 Honeydew Snow Foam Car Wash Soap (Works with Foam Cannons, Guns or Bucket Washes) Safe for Trucks, Motorcycles, RVs & More, 128 fl oz (1 Gallon), Honeydew Scent</p><p>$39.99 ($0.31 / Fl Oz)</p><a href="https://www.amazon.com/dp/B009OTW646?tag=eloabder-20&linkCode=osi&th=1&psc=1">View Product</a></div><div class="product"><a href="https://www.amazon.com/dp/B08P54Z2C2?tag=eloabder-20&linkCode=osi&th=1&psc=1"><img src="https://m.media-amazon.com/images/I/41Ra65iS2OL._SL500_.jpg" alt="Product Image"></a><p>Chemical Guys WAC23316 HydroSpeed Ceramic Quick Detailer, Safe for Cars, Trucks, SUVs, Motorcycles, RVs & More, 16 fl oz</p><p>$24.99</p><a href="https://www.amazon.com/dp/B08P54Z2C2?tag=eloabder-20&linkCode=osi&th=1&psc=1">View Product</a></div>
<div class="product"><a href="https://www.amazon.com/dp/B0C7WLPQC7?tag=eloabder-20&linkCode=osi&th=1&psc=1"><img src="https://m.media-amazon.com/images/I/41hJeSxsSWL._SL500_.jpg" alt="Product Image"></a><p>Detail King Car Odor Removal - Chlorine Dioxide Cup - Extreme Odor Eliminator For Car - Safe And Easy To Use (3 Oz (Pack of 1) - Plastic)</p><p>$24.95 ($8.32 / Ounce)</p><a href="https://www.amazon.com/dp/B0C7WLPQC7?tag=eloabder-20&linkCode=osi&th=1&psc=1">View Product</a></div>

<div class="product"><a href="https://www.amazon.com/dp/B0052XFWCG?tag=eloabder-20&linkCode=osi&th=1&psc=1"><img src="https://m.media-amazon.com/images/I/41qajeJVXLL._SL500_.jpg" alt="Product Image"></a><p>Hot Shot's Secret HSS64Z Original Stiction Eliminator 64 Fluid Ounce Bottle, Green</p><p>$53.45 ($0.84 / Fl Oz)</p><a href="https://www.amazon.com/dp/B0052XFWCG?tag=eloabder-20&linkCode=osi&th=1&psc=1">View Product</a></div><div class="product"><a href="https://www.amazon.com/dp/B009M64CAW?tag=eloabder-20&linkCode=osi&th=1&psc=1"><img src="https://m.media-amazon.com/images/I/417D8X0nkBL._SL500_.jpg" alt="Product Image"></a><p>Lucas Oil 10679 Hot Rod & Classic Car SAE 10W-30 Motor Oil - 5 Quart</p><p>$38.50 ($0.24 / Fl Oz)</p><a href="https://www.amazon.com/dp/B009M64CAW?tag=eloabder-20&linkCode=osi&th=1&psc=1">View Product</a></div><div class="product"><a href="https://www.amazon.com/dp/B01L9ARY9O?tag=eloabder-20&linkCode=osi&th=1&psc=1"><img src="https://m.media-amazon.com/images/I/51yaZAYH75L._SL500_.jpg" alt="Product Image"></a><p>FPPF Chemical Co 00161 16 OZ HOT 4-in-1 Heating Oil Treatment (2 Bottles)</p><p>$26.42</p><a href="https://www.amazon.com/dp/B01L9ARY9O?tag=eloabder-20&linkCode=osi&th=1&psc=1">View Product</a></div><div class="product"><a href="https://www.amazon.com/dp/B009M64CUM?tag=eloabder-20&linkCode=osi&th=1&psc=1"><img src="https://m.media-amazon.com/images/I/41yiWaF8YQL._SL500_.jpg" alt="Product Image"></a><p>Lucas Oil 10683 Hot Rod & Classic Car SAE 10W-40 Motor Oil - 5 Quart</p><p>$43.24 ($0.27 / Fl Oz)</p><a href="https://www.amazon.com/dp/B009M64CUM?tag=eloabder-20&linkCode=osi&th=1&psc=1">View Product</a></div><div class="product"><a href="https://www.amazon.com/dp/B0973HNRH9?tag=eloabder-20&linkCode=osi&th=1&psc=1"><img src="https://m.media-amazon.com/images/I/41kyGGJa--L._SL500_.jpg" alt="Product Image"></a><p>Hot Shot's Secret FR3 Friction Reducer 64 Fluid Ounce 2 Quarts, Light Yellow Liquid, (HSSFR364Z)</p><p>$59.73 ($0.93 / Fl Oz)</p><a href="https://www.amazon.com/dp/B0973HNRH9?tag=eloabder-20&linkCode=osi&th=1&psc=1">View Product</a></div><div class="product"><a href="https://www.amazon.com/dp/B082YFQQ25?tag=eloabder-20&linkCode=osi&th=1&psc=1"><img src="https://m.media-amazon.com/images/I/511PTX7LlZL._SL500_.jpg" alt="Product Image"></a><p>Hot Shot's Secret Green Diamond 100 Percent Synthetic 15W40 Oil Diesel 1 Gallon</p><p>$39.99 ($0.31 / Fl Oz)</p><a href="https://www.amazon.com/dp/B082YFQQ25?tag=eloabder-20&linkCode=osi&th=1&psc=1">View Product</a></div>















<div class="product"><a href="https://www.amazon.com/dp/B08PTMXCJL?tag=eloabder-20&linkCode=osi&th=1&psc=1"><img src="https://m.media-amazon.com/images/I/410eJv-7UHL._SL500_.jpg" alt="Product Image"></a><p>Moly Grease | 3% Molybdenum Disulfide | Fifth Wheel | 5th | Automotive | Tractor | Axle | Spline | CV Joint | Lithium EP Grease | High Temp | 35 LB Pail Bucket | Black Moly | NLGI 2 | HeavyDuty Moly</p><p>$174.99 ($0.31 / Ounce)</p><a href="https://www.amazon.com/dp/B08PTMXCJL?tag=eloabder-20&linkCode=osi&th=1&psc=1">View Product</a></div><div class="product"><a href="https://www.amazon.com/dp/B08PTHJTK5?tag=eloabder-20&linkCode=osi&th=1&psc=1"><img src="https://m.media-amazon.com/images/I/41VdMjJ38aL._SL500_.jpg" alt="Product Image"></a><p>Wheel Bearing Grease Pail | Lithium Complex | High Temp EP | CV Joint | Axle | Automotive | Tractor | Truck | Ball Joint | Marine Boat | Gear | Heavy Duty | Blue | 35 LB Bucket | NLGI 2 | MultiPurpose</p><p>$167.99 ($0.30 / Ounce)</p><a href="https://www.amazon.com/dp/B08PTHJTK5?tag=eloabder-20&linkCode=osi&th=1&psc=1">View Product</a></div><div class="product"><a href="https://www.amazon.com/dp/B0013J1UA6?tag=eloabder-20&linkCode=osi&th=1&psc=1"><img src="https://m.media-amazon.com/images/I/41G0Fkf7KnL._SL500_.jpg" alt="Product Image"></a><p>CRC Food Grade Chain Lube 03055 – 12 Wt. Oz. Aerosol, NSF H1 Gear, Chain, and Wire Lubricant</p><p>$19.25 ($1.60 / Ounce)</p><a href="https://www.amazon.com/dp/B0013J1UA6?tag=eloabder-20&linkCode=osi&th=1&psc=1">View Product</a></div>





<div class="product"><a href="https://www.amazon.com/dp/B08GQ9G2V5?tag=eloabder-20&linkCode=osi&th=1&psc=1"><img src="https://m.media-amazon.com/images/I/511+rapOlWL._SL500_.jpg" alt="Product Image"></a><p>Armor All Car Air Freshener and Purifier, Car Odor Eliminator, 1.5 Ounce (Pack of 3)</p><p>$21.21 ($4.71 / Ounce)</p><a href="https://www.amazon.com/dp/B08GQ9G2V5?tag=eloabder-20&linkCode=osi&th=1&psc=1">View Product</a></div>







<div class="product"><a href="https://www.amazon.com/dp/B001229JCU?tag=eloabder-20&linkCode=osi&th=1&psc=1"><img src="https://m.media-amazon.com/images/I/31W6FuKPMcL._SL500_.jpg" alt="Product Image"></a><p>First Alert EZ Fire Spray, Extinguishing Aerosol Spray, AF400 Red 18 Ounce (Pack of 1)</p><p>$12.49</p><a href="https://www.amazon.com/dp/B001229JCU?tag=eloabder-20&linkCode=osi&th=1&psc=1">View Product</a></div><div class="product"><a href="https://www.amazon.com/dp/B002U0KGDY?tag=eloabder-20&linkCode=osi&th=1&psc=1"><img src="https://m.media-amazon.com/images/I/51p6R+mcRhL._SL500_.jpg" alt="Product Image"></a><p>First Alert EZ Fire Spray, Extinguishing Aerosol Spray, Pack of 2, AF400-2, RED</p><p>$27.02</p><a href="https://www.amazon.com/dp/B002U0KGDY?tag=eloabder-20&linkCode=osi&th=1&psc=1">View Product</a></div>
<div class="product"><a href="https://www.amazon.com/dp/B0088LVBUQ?tag=eloabder-20&linkCode=osi&th=1&psc=1"><img src="https://m.media-amazon.com/images/I/31h7l-l6u2L._SL500_.jpg" alt="Product Image"></a><p>Seymour EN-59 Hi-Tech Engine Spray Paint, General Motors Red</p><p>$9.08 ($0.76 / Ounce)</p><a href="https://www.amazon.com/dp/B0088LVBUQ?tag=eloabder-20&linkCode=osi&th=1&psc=1">View Product</a></div>




<div class="product"><a href="https://www.amazon.com/dp/B000HBNU9K?tag=eloabder-20&linkCode=osi&th=1&psc=1"><img src="https://m.media-amazon.com/images/I/41URzfKaVsL._SL500_.jpg" alt="Product Image"></a><p>Permatex 27828 Body Shop Heavy Duty Headliner Adhesive, High-Strength Spray Adhesive, Repair Detached Or Loose Interior Parts, Dries Clear, Aerosol Can, 16.75 Oz</p><p>$17.05 ($1.02 / Ounce)</p><a href="https://www.amazon.com/dp/B000HBNU9K?tag=eloabder-20&linkCode=osi&th=1&psc=1">View Product</a></div><div class="product"><a href="https://www.amazon.com/dp/B001VXXEXU?tag=eloabder-20&linkCode=osi&th=1&psc=1"><img src="https://m.media-amazon.com/images/I/5112onMwzaL._SL500_.jpg" alt="Product Image"></a><p>Vibra-TITE 213 Red VC-3 Original Threadmate, 250ml Can</p><p>$99.19</p><a href="https://www.amazon.com/dp/B001VXXEXU?tag=eloabder-20&linkCode=osi&th=1&psc=1">View Product</a></div><div class="product"><a href="https://www.amazon.com/dp/B0CWPSLTR1?tag=eloabder-20&linkCode=osi&th=1&psc=1"><img src="https://m.media-amazon.com/images/I/31ytleZjjaL._SL500_.jpg" alt="Product Image"></a><p>P & S PROFESSIONAL DETAIL PRODUCTS - Terminator Enzyme Spot and Stain Remover - Perfect for Deodorizing, Removing Embedded Soils, Grease, Dirt, and Protein-Based Stains; Fresh Scent (1 Quart)</p><p>$25.95 ($0.81 / Fl Oz)</p><a href="https://www.amazon.com/dp/B0CWPSLTR1?tag=eloabder-20&linkCode=osi&th=1&psc=1">View Product</a></div><div class="product"><a href="https://www.amazon.com/dp/B07GFNQL9H?tag=eloabder-20&linkCode=osi&th=1&psc=1"><img src="https://m.media-amazon.com/images/I/41AA3Nbt8OL._SL500_.jpg" alt="Product Image"></a><p>Gunk FEB1 Foamy Engine Brite Engine Cleaner - 17oz. 2 Pack</p><p>$17.95 ($0.53 / Ounce)</p><a href="https://www.amazon.com/dp/B07GFNQL9H?tag=eloabder-20&linkCode=osi&th=1&psc=1">View Product</a></div>



<div class="product"><a href="https://www.amazon.com/dp/B003SKCARK?tag=eloabder-20&linkCode=osi&th=1&psc=1"><img src="https://m.media-amazon.com/images/I/41rvU5irgRL._SL500_.jpg" alt="Product Image"></a><p>Obenauf's Heavy Duty LP Leather Preservative (4oz)- All Natural Beeswax Oil Conditioner- Rejuvenate Restore & Preserve Sunfaded or Cracked Boots Jackets Saddles Car Auto Upholstery Furniture- USA Made</p><p>$15.99</p><a href="https://www.amazon.com/dp/B003SKCARK?tag=eloabder-20&linkCode=osi&th=1&psc=1">View Product</a></div>
Aucun résultat trouvé.

<div class="product"><a href="https://www.amazon.com/dp/B0CLWDDWHX?tag=eloabder-20&linkCode=osi&th=1&psc=1"><img src="https://m.media-amazon.com/images/I/51HPMtia03L._SL500_.jpg" alt="Product Image"></a><p>Fire Fix Fire Extinguisher for Home 5-Pack | Made in USA | Emergency Fire Spray Foam for Apartment, Boat, Camping, Car, House, Kitchen & Vehicle | Safety & Survival | Compact, Small, Safe & Easy Use</p><p>$56.95</p><a href="https://www.amazon.com/dp/B0CLWDDWHX?tag=eloabder-20&linkCode=osi&th=1&psc=1">View Product</a></div><div class="product"><a href="https://www.amazon.com/dp/B0CKZF9H3D?tag=eloabder-20&linkCode=osi&th=1&psc=1"><img src="https://m.media-amazon.com/images/I/41+Q4YdByuL._SL500_.jpg" alt="Product Image"></a><p>Firexo All Fires Fire Extinguisher - Multipurpose Mini Aerosol - Pack of 6 - Home, Kitchen, Car, Garage, Boat, Caravan, Camping Household, ABC, Vehicle, Compact, RV, Emergency Equipment (0.1 Gal)</p><p>$139.99</p><a href="https://www.amazon.com/dp/B0CKZF9H3D?tag=eloabder-20&linkCode=osi&th=1&psc=1">View Product</a></div>
Aucun résultat trouvé.
Aucun résultat trouvé.






<div class="product"><a href="https://www.amazon.com/dp/B00FOKOKMU?tag=eloabder-20&linkCode=osi&th=1&psc=1"><img src="https://m.media-amazon.com/images/I/41KsUW-6WOL._SL500_.jpg" alt="Product Image"></a><p>The Original Leather Recoloring Balm by Furniture Clinic - 16 Colors - Leather Repair Kit for Furniture - Restore Couches, Car Seats & More - Leather Dye for Scratched and Faded Leather (Beige)</p><p>$29.95</p><a href="https://www.amazon.com/dp/B00FOKOKMU?tag=eloabder-20&linkCode=osi&th=1&psc=1">View Product</a></div>


<div class="product"><a href="https://www.amazon.com/dp/B0BQX6CPLS?tag=eloabder-20&linkCode=osi&th=1&psc=1"><img src="https://m.media-amazon.com/images/I/51OtuHOIJpL._SL500_.jpg" alt="Product Image"></a><p>Dry Stop Fire Spray by Prepared Hero - 8 Pack - Portable Fire Extinguisher for Home, Car, Garage, Kitchen - Works on Electrical, Grease, Battery Fires & More - Compact, Easy to Use</p><p>$143.99</p><a href="https://www.amazon.com/dp/B0BQX6CPLS?tag=eloabder-20&linkCode=osi&th=1&psc=1">View Product</a></div><div class="product"><a href="https://www.amazon.com/dp/B0BQX76B9K?tag=eloabder-20&linkCode=osi&th=1&psc=1"><img src="https://m.media-amazon.com/images/I/51iHCSuHw5L._SL500_.jpg" alt="Product Image"></a><p>Vapor Clean Fire Spray by Prepared Hero - 8 Pack - Portable Fire Extinguisher for Home, Car, Garage, Kitchen - Works on Electrical, Grease, Battery Fires & More - Compact, Easy to Use</p><p>$143.99</p><a href="https://www.amazon.com/dp/B0BQX76B9K?tag=eloabder-20&linkCode=osi&th=1&psc=1">View Product</a></div><div class="product"><a href="https://www.amazon.com/dp/B0C32NVZJZ?tag=eloabder-20&linkCode=osi&th=1&psc=1"><img src="https://m.media-amazon.com/images/I/61coxTM3mSL._SL500_.jpg" alt="Product Image"></a><p>Houandg Water-Based Fire Extinguisher- 2 Pack Portable Solution for All Fire Types in Homes, Vehicles, Kitchens - Prevents Re-Ignition</p><p>$33.98</p><a href="https://www.amazon.com/dp/B0C32NVZJZ?tag=eloabder-20&linkCode=osi&th=1&psc=1">View Product</a></div>
<div class="product"><a href="https://www.amazon.com/dp/B00L3W1OAO?tag=eloabder-20&linkCode=osi&th=1&psc=1"><img src="https://m.media-amazon.com/images/I/414uILMLuaL._SL500_.jpg" alt="Product Image"></a><p>Pro F/X Rubber Mask Grease Wheel - 1 Ounce - Trauma</p><p>$27.01</p><a href="https://www.amazon.com/dp/B00L3W1OAO?tag=eloabder-20&linkCode=osi&th=1&psc=1">View Product</a></div>
<div class="product"><a href="https://www.amazon.com/dp/B0CZ16SHCH?tag=eloabder-20&linkCode=osi&th=1&psc=1"><img src="https://m.media-amazon.com/images/I/31pYxaz4gYL._SL500_.jpg" alt="Product Image"></a><p>P & S PROFESSIONAL DETAIL PRODUCTS - Rehab - Paint Correction Creme Safe for All Paint Types and with Multiple pad Types - Easy-to-use-Formula Works at Any Stage of Paint Correction - 1 Quart</p><p>$56.95</p><a href="https://www.amazon.com/dp/B0CZ16SHCH?tag=eloabder-20&linkCode=osi&th=1&psc=1">View Product</a></div><div class="product"><a href="https://www.amazon.com/dp/B082BG8HLX?tag=eloabder-20&linkCode=osi&th=1&psc=1"><img src="https://m.media-amazon.com/images/I/31OAXbv7QFL._SL500_.jpg" alt="Product Image"></a><p>Lithium Auto Elixirs Color Crush- A rather intense approach to an Instant Detailer, Infused with color enhancing technology - Extremely Hydrophobic ingredients, long lasting Instant Detailer</p><p>$19.95 ($1.25 / Fl Oz)</p><a href="https://www.amazon.com/dp/B082BG8HLX?tag=eloabder-20&linkCode=osi&th=1&psc=1">View Product</a></div><div class="product"><a href="https://www.amazon.com/dp/B07MTPWZ76?tag=eloabder-20&linkCode=osi&th=1&psc=1"><img src="https://m.media-amazon.com/images/I/41v5yubrqoL._SL500_.jpg" alt="Product Image"></a><p>Lithium Seal and Squeal Paint Sealant/Polish - Incredible Shine and Lasting Protection - Curable Amino Functional Polymers Fused with Si02 Ceramic Nano Technology -Lasts for up to 12 Months (16 oz)</p><p>$39.99 ($2.50 / Ounce)</p><a href="https://www.amazon.com/dp/B07MTPWZ76?tag=eloabder-20&linkCode=osi&th=1&psc=1">View Product</a></div><div class="product"><a href="https://www.amazon.com/dp/B07MVNX377?tag=eloabder-20&linkCode=osi&th=1&psc=1"><img src="https://m.media-amazon.com/images/I/31gEqFf7rhL._SL500_.jpg" alt="Product Image"></a><p>Leather Love - The Best Leather Conditioner On The Planet, Brings Old Leather Back To Life, All Natural Ingredients Mixed With Serious Science, Restores, Rehydrates, Protects (8oz)</p><p>$28.99 ($3.62 / Ounce)</p><a href="https://www.amazon.com/dp/B07MVNX377?tag=eloabder-20&linkCode=osi&th=1&psc=1">View Product</a></div><div class="product"><a href="https://www.amazon.com/dp/B07MTQP514?tag=eloabder-20&linkCode=osi&th=1&psc=1"><img src="https://m.media-amazon.com/images/I/311IYwH-oaL._SL500_.jpg" alt="Product Image"></a><p>Trim Serum- Plastic Restorer- Restores Even the Most Damaged Plastic, Rubber and Vinyl, Last For Months, Penetrates Plastic Pores Restoring Color. (16 Oz)</p><p>$36.99</p><a href="https://www.amazon.com/dp/B07MTQP514?tag=eloabder-20&linkCode=osi&th=1&psc=1">View Product</a></div><div class="product"><a href="https://www.amazon.com/dp/B07236X7TS?tag=eloabder-20&linkCode=osi&th=1&psc=1"><img src="https://m.media-amazon.com/images/I/51-mgxYD9kL._SL500_.jpg" alt="Product Image"></a><p>Skidmore's Biker Edition Leather Cream | All Natural Formula Cleans, Conditions, and Protects your Motorcycle | Made in USA</p><p>$44.98</p><a href="https://www.amazon.com/dp/B07236X7TS?tag=eloabder-20&linkCode=osi&th=1&psc=1">View Product</a></div><div class="product"><a href="https://www.amazon.com/dp/B001CS6HH4?tag=eloabder-20&linkCode=osi&th=1&psc=1"><img src="https://m.media-amazon.com/images/I/41wY0SB+DWL._SL500_.jpg" alt="Product Image"></a><p>Fiebing's Yellow Saddle Soap for Leather (3.5 oz Tin) - Leather Cleaner & Conditioner to Soften, Protect & Restore Leathercraft - Leather Soap for Car Seat, Couch, Shoe, Purse, Boot, Bag, & Saddles</p><p>$7.15 ($2.04 / Ounce)</p><a href="https://www.amazon.com/dp/B001CS6HH4?tag=eloabder-20&linkCode=osi&th=1&psc=1">View Product</a></div><div class="product"><a href="https://www.amazon.com/dp/B08RHZ1BKD?tag=eloabder-20&linkCode=osi&th=1&psc=1"><img src="https://m.media-amazon.com/images/I/21WKh31c4tL._SL500_.jpg" alt="Product Image"></a><p>Lithium Ignite After Wash - Conditions and Shines Surfaces as You Dry. Streak-Free Hydrophobic Formula adds Lubrication to Stop Micro Scratching While Surfaces pop with Color.</p><p>$21.99 ($1.37 / Fl Oz)</p><a href="https://www.amazon.com/dp/B08RHZ1BKD?tag=eloabder-20&linkCode=osi&th=1&psc=1">View Product</a></div><div class="product"><a href="https://www.amazon.com/dp/B0003A1T3E?tag=eloabder-20&linkCode=osi&th=1&psc=1"><img src="https://m.media-amazon.com/images/I/41042PKJ1ZL._SL500_.jpg" alt="Product Image"></a><p>URAD One step All-In-One Leather conditioner 140g - NEUTRAL</p><p>$16.13</p><a href="https://www.amazon.com/dp/B0003A1T3E?tag=eloabder-20&linkCode=osi&th=1&psc=1">View Product</a></div>

<div class="product"><a href="https://www.amazon.com/dp/B0B3NFH3QY?tag=eloabder-20&linkCode=osi&th=1&psc=1"><img src="https://m.media-amazon.com/images/I/51sKVZnP-WL._SL500_.jpg" alt="Product Image"></a><p>Little Joe 96427-6PK I Love Hockey New Car Scent Red Car Air Freshener A/C Vent Clip Uses Alcohol-Free Fragrance Oil is Non-Hazardous and Non-Toxic Plastic, Pack of 6</p><p>$21.99 ($3.66 / Count)</p><a href="https://www.amazon.com/dp/B0B3NFH3QY?tag=eloabder-20&linkCode=osi&th=1&psc=1">View Product</a></div><div class="product"><a href="https://www.amazon.com/dp/B072275K82?tag=eloabder-20&linkCode=osi&th=1&psc=1"><img src="https://m.media-amazon.com/images/I/41wDnF6SiAL._SL500_.jpg" alt="Product Image"></a><p>Little Joe 96404-6PK Fruit Scent, Car Air Freshener, Clips to A/C Air Vent, Alcohol-Free Fragrance Oil, Non-Hazardous and Non-Toxic Plastic, Set of 6</p><p>$16.60 ($2.77 / Count)</p><a href="https://www.amazon.com/dp/B072275K82?tag=eloabder-20&linkCode=osi&th=1&psc=1">View Product</a></div><div class="product"><a href="https://www.amazon.com/dp/B0CQPQ2S4W?tag=eloabder-20&linkCode=osi&th=1&psc=1"><img src="https://m.media-amazon.com/images/I/31iRknmvjeL._SL500_.jpg" alt="Product Image"></a><p>Little Pup 96613 Blue Raspberry Slushy Scent Car Air Freshener A/C Vent Clip Uses Alcohol-Free Fragrance Oil is Non Hazardous and Non Toxic, Pack of 1</p><p>$3.94</p><a href="https://www.amazon.com/dp/B0CQPQ2S4W?tag=eloabder-20&linkCode=osi&th=1&psc=1">View Product</a></div><div class="product"><a href="https://www.amazon.com/dp/B0CQPNMTM4?tag=eloabder-20&linkCode=osi&th=1&psc=1"><img src="https://m.media-amazon.com/images/I/41eEovL+zML._SL500_.jpg" alt="Product Image"></a><p>Little Joe 96414-6PK Orange Creamsicle Scent Car Air Freshener A/C Vent Clip Uses Alcohol-Free Fragrance Oil is Non-Hazardous and Non-Toxic Plastic, Pack of 6</p><p>$25.99 ($4.33 / Count)</p><a href="https://www.amazon.com/dp/B0CQPNMTM4?tag=eloabder-20&linkCode=osi&th=1&psc=1">View Product</a></div><div class="product"><a href="https://www.amazon.com/dp/B0CH9KNNZN?tag=eloabder-20&linkCode=osi&th=1&psc=1"><img src="https://m.media-amazon.com/images/I/41jX66PGMTL._SL500_.jpg" alt="Product Image"></a><p>TAKAVU Clay Bars Auto Detailing 2 Pack X 100g, Premium Grade Material, Magic Clay Bar Cleaner for Cars, RV, Boat and Bus (Grey)</p><p>$9.99</p><a href="https://www.amazon.com/dp/B0CH9KNNZN?tag=eloabder-20&linkCode=osi&th=1&psc=1">View Product</a></div>

<div class="product"><a href="https://www.amazon.com/dp/B004UM6DLE?tag=eloabder-20&linkCode=osi&th=1&psc=1"><img src="https://m.media-amazon.com/images/I/314nawyx6sL._SL500_.jpg" alt="Product Image"></a><p>CARPRO IronX Iron Remover: Stops Rust Spots and Pre-Mature Failure of The Clear Coat, Iron Contaminant Removal - 500mL with Sprayer (17oz)</p><p>$26.78</p><a href="https://www.amazon.com/dp/B004UM6DLE?tag=eloabder-20&linkCode=osi&th=1&psc=1">View Product</a></div><div class="product"><a href="https://www.amazon.com/dp/B01HXZXO98?tag=eloabder-20&linkCode=osi&th=1&psc=1"><img src="https://m.media-amazon.com/images/I/41Ne9OfQGzL._SL500_.jpg" alt="Product Image"></a><p>Chemical Guys CWS80316 Clean Slate Deep Surface Cleaning Car Wash Soap (Removes Old Car Waxes, Glazes & Sealants for Superior Surface Prep), 16 fl oz, Citrus Scent</p><p>$11.99 ($0.75 / Fl Oz)</p><a href="https://www.amazon.com/dp/B01HXZXO98?tag=eloabder-20&linkCode=osi&th=1&psc=1">View Product</a></div><div class="product"><a href="https://www.amazon.com/dp/B07C39H9YX?tag=eloabder-20&linkCode=osi&th=1&psc=1"><img src="https://m.media-amazon.com/images/I/31yK3Vb5xWL._SL500_.jpg" alt="Product Image"></a><p>Adam's Polishes Iron Remover (16oz) - Iron Out Fallout Rust Remover Spray for Car Detailing | Remove Iron Particles in Car Paint, Motorcycle, RV & Boat | Use Before Clay Bar, Car Wax or Car Wash</p><p>$16.99</p><a href="https://www.amazon.com/dp/B07C39H9YX?tag=eloabder-20&linkCode=osi&th=1&psc=1">View Product</a></div><div class="product"><a href="https://www.amazon.com/dp/B0BTJ9DJM5?tag=eloabder-20&linkCode=osi&th=1&psc=1"><img src="https://m.media-amazon.com/images/I/41tNMqlDrxL._SL500_.jpg" alt="Product Image"></a><p>Torque Detail Decon Wash Pack - Decontamination Soap 8oz + Wash Mitt - Surface Strip Wash Car Shampoo - Highly Absorbent Microfiber Chenille Car Wash Mitt Safely Cleans Your Vehicles Entire Surface</p><p>$24.95 ($3.12 / Fl Oz)</p><a href="https://www.amazon.com/dp/B0BTJ9DJM5?tag=eloabder-20&linkCode=osi&th=1&psc=1">View Product</a></div><div class="product"><a href="https://www.amazon.com/dp/B013K5V9PQ?tag=eloabder-20&linkCode=osi&th=1&psc=1"><img src="https://m.media-amazon.com/images/I/41V3rm6NlZL._SL500_.jpg" alt="Product Image"></a><p>CARPRO PolyShave Decon Towel - Car Detailing Clay Decontamination Faster than Clay Bar, Clean & Release of Paint Contaminants and Glass - Increase Wax and Sealant Bond - 12" x 12" (1 Pack)</p><p>$39.97</p><a href="https://www.amazon.com/dp/B013K5V9PQ?tag=eloabder-20&linkCode=osi&th=1&psc=1">View Product</a></div><div class="product"><a href="https://www.amazon.com/dp/B0B788NBWG?tag=eloabder-20&linkCode=osi&th=1&psc=1"><img src="https://m.media-amazon.com/images/I/51NDfAOuEmL._SL500_.jpg" alt="Product Image"></a><p>P & S Professional Detail Products - Clay Decontamination Towel - Effective Cleaning & Release of Paint Contaminants; Increase Wax & Sealant Bond; Enhance Gloss & Depth of Color; Fine Grade-12" x 12"</p><p>$34.95</p><a href="https://www.amazon.com/dp/B0B788NBWG?tag=eloabder-20&linkCode=osi&th=1&psc=1">View Product</a></div><div class="product"><a href="https://www.amazon.com/dp/B0B27TFK69?tag=eloabder-20&linkCode=osi&th=1&psc=1"><img src="https://m.media-amazon.com/images/I/41zJPQIcqeL._SL500_.jpg" alt="Product Image"></a><p>The Rag Company - Ultra Clay Decontamination Mitt - Easy to Use; Effective Cleaning & Release of Paint Contaminants; Increase Wax & Sealant Bond; Enhance Gloss &Color Depth; Fine Grade (8.7"x5.7")</p><p>$34.95</p><a href="https://www.amazon.com/dp/B0B27TFK69?tag=eloabder-20&linkCode=osi&th=1&psc=1">View Product</a></div><div class="product"><a href="https://www.amazon.com/dp/B0C6XBN14N?tag=eloabder-20&linkCode=osi&th=1&psc=1"><img src="https://m.media-amazon.com/images/I/31BSavOJ89L._SL500_.jpg" alt="Product Image"></a><p>3D Iron Remover GLW Series | DIY Car Detailing | Hyper Effective Wheel Decontamination | Removes Iron Particles, Dirt, Brake Dust | Rapid Results | Ultimate Iron & Surface Contaminate Eliminator, 16oz</p><p>$17.99</p><a href="https://www.amazon.com/dp/B0C6XBN14N?tag=eloabder-20&linkCode=osi&th=1&psc=1">View Product</a></div>







<div class="product"><a href="https://www.amazon.com/dp/B0D2SPCW3G?tag=eloabder-20&linkCode=osi&th=1&psc=1"><img src="https://m.media-amazon.com/images/I/41JYIg6xqqL._SL500_.jpg" alt="Product Image"></a><p>Crankcase Ventilation Oil Separator with Gasket Compatible for 2008-2014 Volvo Mack D13 D16 MP8 Engine Replace 21122541 20499419</p><p>$155.99</p><a href="https://www.amazon.com/dp/B0D2SPCW3G?tag=eloabder-20&linkCode=osi&th=1&psc=1">View Product</a></div>

<div class="product"><a href="https://www.amazon.com/dp/B0C6M2FHGX?tag=eloabder-20&linkCode=osi&th=1&psc=1"><img src="https://m.media-amazon.com/images/I/21wWRrpHdbL._SL500_.jpg" alt="Product Image"></a><p>eMagTech 9PCS Warning Sign Please No Smoking Vaping Food Drink Stickers 110x50mm Self-Adhesive Vinyl Window Decal for Car Taxis Buses Minibuses</p><p>$9.49</p><a href="https://www.amazon.com/dp/B0C6M2FHGX?tag=eloabder-20&linkCode=osi&th=1&psc=1">View Product</a></div>

Aucun résultat trouvé.

<div class="product"><a href="https://www.amazon.com/dp/B0CVWZZMRY?tag=eloabder-20&linkCode=osi&th=1&psc=1"><img src="https://m.media-amazon.com/images/I/512y-1GwQNL._SL500_.jpg" alt="Product Image"></a><p>Jewkot 4 PCS Car Wiper Strip, 28" Boneless Structure Car Windshield Cleaning Wiper Strip, DIY Length Auxiliary Cleaning Replacement Accessory, Suitable for Most Cars, Vans, Trucks, Buses (Black)</p><p>$5.58</p><a href="https://www.amazon.com/dp/B0CVWZZMRY?tag=eloabder-20&linkCode=osi&th=1&psc=1">View Product</a></div>
<div class="product"><a href="https://www.amazon.com/dp/B07L3VQC6W?tag=eloabder-20&linkCode=osi&th=1&psc=1"><img src="https://m.media-amazon.com/images/I/41GebP+2HYL._SL500_.jpg" alt="Product Image"></a><p>BRISA VW Collection Volkswagen Air Freshener, Room Freshener, Deodorizer for Cars T1 Bus Campervan Motif (Citrus/Yellow/Set of 2)</p><p>$13.90 ($6.95 / Count)</p><a href="https://www.amazon.com/dp/B07L3VQC6W?tag=eloabder-20&linkCode=osi&th=1&psc=1">View Product</a></div><div class="product"><a href="https://www.amazon.com/dp/B07L3V86JS?tag=eloabder-20&linkCode=osi&th=1&psc=1"><img src="https://m.media-amazon.com/images/I/41TblWhKhQL._SL500_.jpg" alt="Product Image"></a><p>BRISA VW Collection Volkswagen Air Freshener, Room Freshener, Deodorizer for Cars T1 Bus Campervan Motif (New Car/Green/Set of 2)</p><p>$13.90 ($6.95 / Count)</p><a href="https://www.amazon.com/dp/B07L3V86JS?tag=eloabder-20&linkCode=osi&th=1&psc=1">View Product</a></div>


Aucun résultat trouvé.










<div class="product"><a href="https://www.amazon.com/dp/B099HL5SV2?tag=eloabder-20&linkCode=osi&th=1&psc=1"><img src="https://m.media-amazon.com/images/I/31kcR8HnylL._SL500_.jpg" alt="Product Image"></a><p>Philips GoPure GP5212 High Performance HEPA Air Purifier for Car, Removes up to 100 Pollutants, Exhaust Fumes, VOCs, Smoke, Bad Odors, Bacteria and Viruses</p><p>$77.59</p><a href="https://www.amazon.com/dp/B099HL5SV2?tag=eloabder-20&linkCode=osi&th=1&psc=1">View Product</a></div><div class="product"><a href="https://www.amazon.com/dp/B07TB419F7?tag=eloabder-20&linkCode=osi&th=1&psc=1"><img src="https://m.media-amazon.com/images/I/41l9XK-u-eL._SL500_.jpg" alt="Product Image"></a><p>Enoch Ionic Car Air Purifier with Dual USB Car Charger. Car Air Freshener Eliminates Odor, Dust. Removes Smoke, Pet and Food Odor. Ionic Ozone Car Deodorizer (Matt Black)</p><p>$24.50</p><a href="https://www.amazon.com/dp/B07TB419F7?tag=eloabder-20&linkCode=osi&th=1&psc=1">View Product</a></div><div class="product"><a href="https://www.amazon.com/dp/B08C9LKKMM?tag=eloabder-20&linkCode=osi&th=1&psc=1"><img src="https://m.media-amazon.com/images/I/41uJDRzxfrL._SL500_.jpg" alt="Product Image"></a><p>4WDKING Car Air Purifier Ionizer, 12V Plug-in Car Air Freshener Gadgets with Dual USB Charger Removes Cigarette Smoke, Pet and Food Odor, Ionic Ozone (Black)</p><p>$22.99</p><a href="https://www.amazon.com/dp/B08C9LKKMM?tag=eloabder-20&linkCode=osi&th=1&psc=1">View Product</a></div><div class="product"><a href="https://www.amazon.com/dp/B07C7D366L?tag=eloabder-20&linkCode=osi&th=1&psc=1"><img src="https://m.media-amazon.com/images/I/51GvjMcOskL._SL500_.jpg" alt="Product Image"></a><p>Car Air Purifier Ionizer - 12V Plug-in Ionic Anti-Microbial Car Deodorizer with Dual USB Charger - Smoke Smell, Pet and Food Odors, Allergens, Viruses Eliminator for Car (Matte Silver)</p><p>$24.99</p><a href="https://www.amazon.com/dp/B07C7D366L?tag=eloabder-20&linkCode=osi&th=1&psc=1">View Product</a></div><div class="product"><a href="https://www.amazon.com/dp/B086H3FW7T?tag=eloabder-20&linkCode=osi&th=1&psc=1"><img src="https://m.media-amazon.com/images/I/51FfQTz4koL._SL500_.jpg" alt="Product Image"></a><p>bmbu 1000g Large Bamboo Charcoal Air Purifier Bag - Car Deodorizer/Car Freshener - Remove Odor and Control Moisture in Your RV, Camper, SUV, Car, Truck, Closet, Mobile Home, Storage - Non Fragrant</p><p>$22.99 ($0.65 / Ounce)</p><a href="https://www.amazon.com/dp/B086H3FW7T?tag=eloabder-20&linkCode=osi&th=1&psc=1">View Product</a></div><div class="product"><a href="https://www.amazon.com/dp/B019NXUJ5K?tag=eloabder-20&linkCode=osi&th=1&psc=1"><img src="https://m.media-amazon.com/images/I/31grLw6pdUL._SL500_.jpg" alt="Product Image"></a><p>PURGGO Car Air Freshener - Lasts 365+ Days No Chemicals 100% Activated Bamboo Charcoal Fragrance-Free Deodorizer, Natural Auto Odor Eliminator, Purifier, Neutralizer, Absorb Smoke Smell</p><p>$25.99</p><a href="https://www.amazon.com/dp/B019NXUJ5K?tag=eloabder-20&linkCode=osi&th=1&psc=1">View Product</a></div><div class="product"><a href="https://www.amazon.com/dp/B0CT5TBKH5?tag=eloabder-20&linkCode=osi&th=1&psc=1"><img src="https://m.media-amazon.com/images/I/41UB7n6FuwL._SL500_.jpg" alt="Product Image"></a><p>Timgle 1 Pack Car Air Freshener, Lasts 365+ Days, No Chemicals 100% Activated Bamboo Charcoal Fragrance, Free Deodorizer, Natural Auto Odor Eliminator, Purifier, Neutralizer (Khaki Strap)</p><p>$10.99</p><a href="https://www.amazon.com/dp/B0CT5TBKH5?tag=eloabder-20&linkCode=osi&th=1&psc=1">View Product</a></div><div class="product"><a href="https://www.amazon.com/dp/B00V4049K2?tag=eloabder-20&linkCode=osi&th=1&psc=1"><img src="https://m.media-amazon.com/images/I/51rLLMGOc6L._SL500_.jpg" alt="Product Image"></a><p>PURGGO Car Air Freshener - Auto Odor Eliminator - 100% Activated Bamboo Charcoal Air Purifier, Ionizer - Absorb and Remove Smoke Smell - Fragrance-Free Deodorizer - Lasts 365+ Days [Classic Beige]</p><p>$25.99</p><a href="https://www.amazon.com/dp/B00V4049K2?tag=eloabder-20&linkCode=osi&th=1&psc=1">View Product</a></div>








<div class="product"><a href="https://www.amazon.com/dp/B00RYGK12K?tag=eloabder-20&linkCode=osi&th=1&psc=1"><img src="https://m.media-amazon.com/images/I/51RdEyCkvuL._SL500_.jpg" alt="Product Image"></a><p>Little Trees Cardboard Hanging Car, Home & Office Air Freshener, Summer Linen (Pack of 12)</p><p>$11.82 ($0.98 / Count)</p><a href="https://www.amazon.com/dp/B00RYGK12K?tag=eloabder-20&linkCode=osi&th=1&psc=1">View Product</a></div><div class="product"><a href="https://www.amazon.com/dp/B00LM54ZD0?tag=eloabder-20&linkCode=osi&th=1&psc=1"><img src="https://m.media-amazon.com/images/I/41YuRNweefL._SL500_.jpg" alt="Product Image"></a><p>LITTLE TREES Air Fresheners Car Air Freshener. Hanging Tree Provides Long Lasting Scent for Auto or Home. Black Ice, 24 Air Fresheners</p><p>$20.19 ($0.84 / Count)</p><a href="https://www.amazon.com/dp/B00LM54ZD0?tag=eloabder-20&linkCode=osi&th=1&psc=1">View Product</a></div><div class="product"><a href="https://www.amazon.com/dp/B09BB4V1Y8?tag=eloabder-20&linkCode=osi&th=1&psc=1"><img src="https://m.media-amazon.com/images/I/51AKMdDLO-L._SL500_.jpg" alt="Product Image"></a><p>DRIVEJOY Car Air Freshener Vent Clips, 8 PK, 6 Ocean, 2 New Car Scent, Car Fresheners for Men Women, Up to 240 Days, Long Lasting Air Freshener for Car, Odor Eliminator</p><p>$9.98 ($9.60 / Fl Oz)</p><a href="https://www.amazon.com/dp/B09BB4V1Y8?tag=eloabder-20&linkCode=osi&th=1&psc=1">View Product</a></div><div class="product"><a href="https://www.amazon.com/dp/B078JWRLYT?tag=eloabder-20&linkCode=osi&th=1&psc=1"><img src="https://m.media-amazon.com/images/I/41shbIl-LEL._SL500_.jpg" alt="Product Image"></a><p>California Scents Air Freshener 4-Pack Car Air Freshener (Coronado Cherry)</p><p>$12.88 ($2.15 / Ounce)</p><a href="https://www.amazon.com/dp/B078JWRLYT?tag=eloabder-20&linkCode=osi&th=1&psc=1">View Product</a></div><div class="product"><a href="https://www.amazon.com/dp/B0CW4CJWW9?tag=eloabder-20&linkCode=osi&th=1&psc=1"><img src="https://m.media-amazon.com/images/I/417lKQ0MXPL._SL500_.jpg" alt="Product Image"></a><p>Karma, Essential Oil Air Freshener for Cars Set of 2, Home & Office - Colorful Decorative Hanging Air Freshener with Tassel, Buttercup Vanilla Scented</p><p>$8.40 ($4.20 / Count)</p><a href="https://www.amazon.com/dp/B0CW4CJWW9?tag=eloabder-20&linkCode=osi&th=1&psc=1">View Product</a></div><div class="product"><a href="https://www.amazon.com/dp/B00AYCXL2I?tag=eloabder-20&linkCode=osi&th=1&psc=1"><img src="https://m.media-amazon.com/images/I/5165h10nKbL._SL500_.jpg" alt="Product Image"></a><p>Febreze Car Air Fresheners, New Car Scent, Odor Eliminator for Strong Odors Car Vent Clips (2 Count)</p><p>$9.98 ($4.99 / Count)</p><a href="https://www.amazon.com/dp/B00AYCXL2I?tag=eloabder-20&linkCode=osi&th=1&psc=1">View Product</a></div><div class="product"><a href="https://www.amazon.com/dp/B01LZ0N1MJ?tag=eloabder-20&linkCode=osi&th=1&psc=1"><img src="https://m.media-amazon.com/images/I/41J5LJGof9L._SL500_.jpg" alt="Product Image"></a><p>LITTLE TREES Car Air Freshener | Hanging Paper Tree for Home or Car | New Car Scent | 12 Pack</p><p>$11.70 ($0.98 / Count)</p><a href="https://www.amazon.com/dp/B01LZ0N1MJ?tag=eloabder-20&linkCode=osi&th=1&psc=1">View Product</a></div><div class="product"><a href="https://www.amazon.com/dp/B0C2Q2VGPZ?tag=eloabder-20&linkCode=osi&th=1&psc=1"><img src="https://m.media-amazon.com/images/I/413gckSL1EL._SL500_.jpg" alt="Product Image"></a><p>Savage Disposable Card Freshener for Men | Car Scents Air Freshener with Sauvage Fragrance | Strong Car Perfume Air Freshener with Odour Eliminating Technology | Suvage by Perfa</p><p>$6.99</p><a href="https://www.amazon.com/dp/B0C2Q2VGPZ?tag=eloabder-20&linkCode=osi&th=1&psc=1">View Product</a></div>




<div class="product"><a href="https://www.amazon.com/dp/B06WVL7YSG?tag=eloabder-20&linkCode=osi&th=1&psc=1"><img src="https://m.media-amazon.com/images/I/51fO0NuM6nL._SL500_.jpg" alt="Product Image"></a><p>Meguiar's Quik Scratch Eraser Kit, Car Scratch Remover for Repairing Surface Blemishes, Car Care Kit with ScratchX, Drill-Mounted Pad, and Microfiber Towel, 3 Count</p><p>$17.97</p><a href="https://www.amazon.com/dp/B06WVL7YSG?tag=eloabder-20&linkCode=osi&th=1&psc=1">View Product</a></div><div class="product"><a href="https://www.amazon.com/dp/B00P67GSRG?tag=eloabder-20&linkCode=osi&th=1&psc=1"><img src="https://m.media-amazon.com/images/I/41R-vt8tcnL._SL500_.jpg" alt="Product Image"></a><p>Chemical Guys GAP_VKIT_16 V Line Polish and Compound Kit For Light to Heavy Swirls & Scratches (Safe for Cars, Trucks, SUVs, RVs, Motorcycles, & More) 4 - 16 fl oz Items</p><p>$69.99</p><a href="https://www.amazon.com/dp/B00P67GSRG?tag=eloabder-20&linkCode=osi&th=1&psc=1">View Product</a></div>
<div class="product"><a href="https://www.amazon.com/dp/B0BQ1CPLSQ?tag=eloabder-20&linkCode=osi&th=1&psc=1"><img src="https://m.media-amazon.com/images/I/41ikSNNgp5L._SL500_.jpg" alt="Product Image"></a><p>PROPER DETAILING CO. Car Detailing Kit Interior Cleaner, Get Professional Results - Car Interior Cleaning Kit includes 16 oz. interior cleaner, premium boars hair detail brush, and 2 microfiber towels</p><p>$23.99</p><a href="https://www.amazon.com/dp/B0BQ1CPLSQ?tag=eloabder-20&linkCode=osi&th=1&psc=1">View Product</a></div>


<div class="product"><a href="https://www.amazon.com/dp/B0D464228M?tag=eloabder-20&linkCode=osi&th=1&psc=1"><img src="https://m.media-amazon.com/images/I/315VtBe9l-L._SL500_.jpg" alt="Product Image"></a><p>Drift Car Air Freshener - Wood Air Freshener - Car Odor Eliminator - Open Air Scent Starter Kit</p><p>$11.95</p><a href="https://www.amazon.com/dp/B0D464228M?tag=eloabder-20&linkCode=osi&th=1&psc=1">View Product</a></div>
<div class="product"><a href="https://www.amazon.com/dp/B071HR14SJ?tag=eloabder-20&linkCode=osi&th=1&psc=1"><img src="https://m.media-amazon.com/images/I/41crypCefDL._SL500_.jpg" alt="Product Image"></a><p>Meguiar's Gold Class Car Wash Soap, Ultra-Rich Car Wash Soap and Conditioner for Car Cleaning, Car Wash Soap to Clean and Condition in One Easy Step, 1 Gallon Car Wash Soap</p><p>$24.99 ($0.20 / Ounce)</p><a href="https://www.amazon.com/dp/B071HR14SJ?tag=eloabder-20&linkCode=osi&th=1&psc=1">View Product</a></div><div class="product"><a href="https://www.amazon.com/dp/B085R9L9Q9?tag=eloabder-20&linkCode=osi&th=1&psc=1"><img src="https://m.media-amazon.com/images/I/41tAv1FNbZL._SL500_.jpg" alt="Product Image"></a><p>Armor All Extreme Shield Protectant Spray , Interior Car Cleaner with UV Protection Against Cracking and Fading, 16 Fl Oz</p><p>$8.98 ($0.56 / Fl Oz)</p><a href="https://www.amazon.com/dp/B085R9L9Q9?tag=eloabder-20&linkCode=osi&th=1&psc=1">View Product</a></div><div class="product"><a href="https://www.amazon.com/dp/B016NA9Y4S?tag=eloabder-20&linkCode=osi&th=1&psc=1"><img src="https://m.media-amazon.com/images/I/31oz8VJFdjL._SL500_.jpg" alt="Product Image"></a><p>Rain-X 5079281-2 Latitude 2-In-1 Wiper Blades, 26 Inch Windshield Wipers (Pack Of 1), Automotive Replacement Windshield Wiper Blades With Patented Rain-X Water Repellency Formula</p><p>$17.08</p><a href="https://www.amazon.com/dp/B016NA9Y4S?tag=eloabder-20&linkCode=osi&th=1&psc=1">View Product</a></div><div class="product"><a href="https://www.amazon.com/dp/B0D2PCCJVK?tag=eloabder-20&linkCode=osi&th=1&psc=1"><img src="https://m.media-amazon.com/images/I/41BFT-c3a9L._SL500_.jpg" alt="Product Image"></a><p>HoogaLife Car Air Freshener Diffuser – Revitalize Your Drive with Hanging Air Freshener Diffuser Aromatic Bliss On The Go(VANILLA CREAM)</p><p>$12.99 ($24.06 / Fl Oz)</p><a href="https://www.amazon.com/dp/B0D2PCCJVK?tag=eloabder-20&linkCode=osi&th=1&psc=1">View Product</a></div><div class="product"><a href="https://www.amazon.com/dp/B0D17SKCLF?tag=eloabder-20&linkCode=osi&th=1&psc=1"><img src="https://m.media-amazon.com/images/I/51VjaK8JNmL._SL500_.jpg" alt="Product Image"></a><p>AIDEA Car Wash Mitt Microfiber, 1PK-Scratch-Free& Lint-Free, Premium Chenille Microfiber Wash Mitt-Green Regular Size (7.12''X10.14'')</p><p>$5.99</p><a href="https://www.amazon.com/dp/B0D17SKCLF?tag=eloabder-20&linkCode=osi&th=1&psc=1">View Product</a></div>








<div class="product"><a href="https://www.amazon.com/dp/B00UZE8D00?tag=eloabder-20&linkCode=osi&th=1&psc=1"><img src="https://m.media-amazon.com/images/I/517VVkgvgcL._SL500_.jpg" alt="Product Image"></a><p>Chemical Guys HOL_996 Convertible Top Cleaner and Protectant Kit, 16 oz, 2 Items</p><p>$29.99</p><a href="https://www.amazon.com/dp/B00UZE8D00?tag=eloabder-20&linkCode=osi&th=1&psc=1">View Product</a></div><div class="product"><a href="https://www.amazon.com/dp/B004HCS4NW?tag=eloabder-20&linkCode=osi&th=1&psc=1"><img src="https://m.media-amazon.com/images/I/41j5b6xRqNL._SL500_.jpg" alt="Product Image"></a><p>Meguiar's Convertible Top Cleaner - Fabric Convertible Top Cleaner and Vinyl Convertible Top Cleaner in One Advanced Formula - Safely Removes Stains, Mildew, Bird Droppings, and More, 16 Oz</p><p>$6.87 ($0.43 / Ounce)</p><a href="https://www.amazon.com/dp/B004HCS4NW?tag=eloabder-20&linkCode=osi&th=1&psc=1">View Product</a></div><div class="product"><a href="https://www.amazon.com/dp/B00UZE80N0?tag=eloabder-20&linkCode=osi&th=1&psc=1"><img src="https://m.media-amazon.com/images/I/31FG83SK9SL._SL500_.jpg" alt="Product Image"></a><p>Chemical Guys SPI_193_16 Convertible Top Protectant and Repellent, (Helps Prevent Fading & Discoloration on Fabric Sot Tops) 16 fl oz (Packaging May Vary)</p><p>$19.99 ($1.25 / Fl Oz)</p><a href="https://www.amazon.com/dp/B00UZE80N0?tag=eloabder-20&linkCode=osi&th=1&psc=1">View Product</a></div><div class="product"><a href="https://www.amazon.com/dp/B00UZE8C1A?tag=eloabder-20&linkCode=osi&th=1&psc=1"><img src="https://m.media-amazon.com/images/I/31aLnXKZxfL._SL500_.jpg" alt="Product Image"></a><p>Chemical Guys ACC_S94 Convertible Top Horse Hair Cleaning Brush, Safe for Cloth Soft Tops, Upholstery, Leather, Furniture, & More</p><p>$14.99</p><a href="https://www.amazon.com/dp/B00UZE8C1A?tag=eloabder-20&linkCode=osi&th=1&psc=1">View Product</a></div><div class="product"><a href="https://www.amazon.com/dp/B000A8JNF0?tag=eloabder-20&linkCode=osi&th=1&psc=1"><img src="https://m.media-amazon.com/images/I/51PLChiVIrL._SL500_.jpg" alt="Product Image"></a><p>303 Products Convertible Fabric Top Cleaning and Care Kit - Cleans And Protects Fabric Tops - Includes Tonneau Cover And Convertible Top Cleaner 16 fl. oz. + Fabric Guard, (30520)</p><p>$32.79 ($1.02 / Fl Oz)</p><a href="https://www.amazon.com/dp/B000A8JNF0?tag=eloabder-20&linkCode=osi&th=1&psc=1">View Product</a></div>
<div class="product"><a href="https://www.amazon.com/dp/B0BCQ1XMWV?tag=eloabder-20&linkCode=osi&th=1&psc=1"><img src="https://m.media-amazon.com/images/I/41lV6Au-S9L._SL500_.jpg" alt="Product Image"></a><p>EMITHSUN® Windshield Wiper Blades Replacement for Honda Civic Coupe 2 Door 2005-2011,That Meet OEM Quality Front Wipers Blade Set for My Car-28"+24"(Set of 2)</p><p>$19.99</p><a href="https://www.amazon.com/dp/B0BCQ1XMWV?tag=eloabder-20&linkCode=osi&th=1&psc=1">View Product</a></div>
<div class="product"><a href="https://www.amazon.com/dp/B00I8ITVZG?tag=eloabder-20&linkCode=osi&th=1&psc=1"><img src="https://m.media-amazon.com/images/I/41TXd564pcL._SL500_.jpg" alt="Product Image"></a><p>ECOGARD XC36067 Premium Cabin Air Filter Fits Hyundai Genesis 2009-2016, Equus 2011-2016 | Genesis G80 2017-2021, G90 2019-2021, GV80 2021 | Kia K900 2020</p><p>$10.98</p><a href="https://www.amazon.com/dp/B00I8ITVZG?tag=eloabder-20&linkCode=osi&th=1&psc=1">View Product</a></div>

<div class="product"><a href="https://www.amazon.com/dp/B097C3NCP1?tag=eloabder-20&linkCode=osi&th=1&psc=1"><img src="https://m.media-amazon.com/images/I/41GXST2+s6L._SL500_.jpg" alt="Product Image"></a><p>Raidbee 12 inch Rear Wiper Blade Replacement for Toyota Corolla Hatchback 2022-2019, Nissan Versa 2019-2014 Back Windshield Wiper (H306/12-B)</p><p>$6.99</p><a href="https://www.amazon.com/dp/B097C3NCP1?tag=eloabder-20&linkCode=osi&th=1&psc=1">View Product</a></div>



<div class="product"><a href="https://www.amazon.com/dp/B0CQ4MLKHJ?tag=eloabder-20&linkCode=osi&th=1&psc=1"><img src="https://m.media-amazon.com/images/I/519f8covwQL._SL500_.jpg" alt="Product Image"></a><p>Feetiger All-in-1 Fire Extinguisher for Home, Kitchen, Car, Garage, RV, Truck, Boat, Camping, Fire Spray that Tackles Multiple Types of Fire, 2pack</p><p>$39.99</p><a href="https://www.amazon.com/dp/B0CQ4MLKHJ?tag=eloabder-20&linkCode=osi&th=1&psc=1">View Product</a></div>
<div class="product"><a href="https://www.amazon.com/dp/B07TS4JV6H?tag=eloabder-20&linkCode=osi&th=1&psc=1"><img src="https://m.media-amazon.com/images/I/412htpDd6fL._SL500_.jpg" alt="Product Image"></a><p>Police Flag Air Freshener, New Car Scent, 6-Pack</p><p>$9.99 ($1.66 / Count)</p><a href="https://www.amazon.com/dp/B07TS4JV6H?tag=eloabder-20&linkCode=osi&th=1&psc=1">View Product</a></div>


<div class="product"><a href="https://www.amazon.com/dp/B009EU5ZNO?tag=eloabder-20&linkCode=osi&th=1&psc=1"><img src="https://m.media-amazon.com/images/I/515MJLZbnoL._SL500_.jpg" alt="Product Image"></a><p>J-B Weld 50133 Plastic Bonder Structural Adhesive Syringe - Tan - 25 ml</p><p>$6.98 ($8.21 / Fl Oz)</p><a href="https://www.amazon.com/dp/B009EU5ZNO?tag=eloabder-20&linkCode=osi&th=1&psc=1">View Product</a></div>



<div class="product"><a href="https://www.amazon.com/dp/B09P6YZP72?tag=eloabder-20&linkCode=osi&th=1&psc=1"><img src="https://m.media-amazon.com/images/I/416rlvu+ayL._SL500_.jpg" alt="Product Image"></a><p>AUTOBOO 26"+20" Windshield Wipers with 16" Rear Wiper Blade Replacement for Dodge Grand Caravan 2008-2012 2013 2014 2015 2016 2017 2018 2019 -Original Factory Quality (Pack of 3)</p><p>$23.99</p><a href="https://www.amazon.com/dp/B09P6YZP72?tag=eloabder-20&linkCode=osi&th=1&psc=1">View Product</a></div><div class="product"><a href="https://www.amazon.com/dp/B0BLYQBDS8?tag=eloabder-20&linkCode=osi&th=1&psc=1"><img src="https://m.media-amazon.com/images/I/51SbpSR2zBL._SL500_.jpg" alt="Product Image"></a><p>A-Premium Engine Air Filter Compatible with Chrysler Town & Country & Dodge Grand Caravan & Ram C/V & Volkswagen Routan, 2011-2020, Flexible Panel, Replace# 4861737AA</p><p>$12.99</p><a href="https://www.amazon.com/dp/B0BLYQBDS8?tag=eloabder-20&linkCode=osi&th=1&psc=1">View Product</a></div>
<div class="product"><a href="https://www.amazon.com/dp/B001FCB4JS?tag=eloabder-20&linkCode=osi&th=1&psc=1"><img src="https://m.media-amazon.com/images/I/21wq6fxqiVL._SL500_.jpg" alt="Product Image"></a><p>Dicor BT-1834-1 Butyl Seal Tape - 1/8" x 3/4" x 30' Repair Tape for RV, Trailer, Motorhome, Window, and Vent Sealing</p><p>$13.15 ($0.44 / Foot)</p><a href="https://www.amazon.com/dp/B001FCB4JS?tag=eloabder-20&linkCode=osi&th=1&psc=1">View Product</a></div>
<div class="product"><a href="https://www.amazon.com/dp/B000BUQOD6?tag=eloabder-20&linkCode=osi&th=1&psc=1"><img src="https://m.media-amazon.com/images/I/41O0CoP1L3L._SL500_.jpg" alt="Product Image"></a><p>Camco Camper/RV Toilet Paper | Sewer-Safe, Septic-Safe & Biodegradable | Designed for Camper, Trailer & Marine Sanitation Systems | 1-Ply Tissue | 4 Toilet Paper Rolls – 280 Sheets per Roll (40275)</p><p>$5.99 ($2.14 / 100 Sheets)</p><a href="https://www.amazon.com/dp/B000BUQOD6?tag=eloabder-20&linkCode=osi&th=1&psc=1">View Product</a></div><div class="product"><a href="https://www.amazon.com/dp/B007JG1W1E?tag=eloabder-20&linkCode=osi&th=1&psc=1"><img src="https://m.media-amazon.com/images/I/41i-j99E9ML._SL500_.jpg" alt="Product Image"></a><p>Camco TST Camper / RV Grey Water Odor Control - Removes Grease Buildup in Gray Water Tank, Sink & Shower Drains - 4oz Treats 40-Gal Holding Tank - Safe Septic Tank Treatment - Lemon, 64 oz (40256)</p><p>$19.94 ($0.31 / Fl Oz)</p><a href="https://www.amazon.com/dp/B007JG1W1E?tag=eloabder-20&linkCode=osi&th=1&psc=1">View Product</a></div><div class="product"><a href="https://www.amazon.com/dp/B016V2OSD0?tag=eloabder-20&linkCode=osi&th=1&psc=1"><img src="https://m.media-amazon.com/images/I/31Jm99RYVXL._SL500_.jpg" alt="Product Image"></a><p>Camco TST MAX RV Toilet Treatment Drop-INs | Control Unwanted Odors and Break Down Waste and Tissue | Septic Tank Safe | Lavender Scent | 15-pack (41559)</p><p>$11.97 ($0.80 / Count)</p><a href="https://www.amazon.com/dp/B016V2OSD0?tag=eloabder-20&linkCode=osi&th=1&psc=1">View Product</a></div>






<div class="product"><a href="https://www.amazon.com/dp/B006GJYOL0?tag=eloabder-20&linkCode=osi&th=1&psc=1"><img src="https://m.media-amazon.com/images/I/41YPjiCzDfL._SL500_.jpg" alt="Product Image"></a><p>Boat Bling HS-0128 Hot Sauce Hard Water Spot Remover, Gallon Refill, for Boats, RVs, Powersport Vehicles and More, Black,1 Gallon</p><p>$54.95 ($0.43 / Fl Oz)</p><a href="https://www.amazon.com/dp/B006GJYOL0?tag=eloabder-20&linkCode=osi&th=1&psc=1">View Product</a></div><div class="product"><a href="https://www.amazon.com/dp/B0000AXVCB?tag=eloabder-20&linkCode=osi&th=1&psc=1"><img src="https://m.media-amazon.com/images/I/51gtsDb7zDL._SL500_.jpg" alt="Product Image"></a><p>Meguiar's M4364 Marine/RV Boat Wash - 64 Oz Container</p><p>$13.99 ($0.22 / Fl Oz)</p><a href="https://www.amazon.com/dp/B0000AXVCB?tag=eloabder-20&linkCode=osi&th=1&psc=1">View Product</a></div><div class="product"><a href="https://www.amazon.com/dp/B0007TR47G?tag=eloabder-20&linkCode=osi&th=1&psc=1"><img src="https://m.media-amazon.com/images/I/41Q4SzlVojL._SL500_.jpg" alt="Product Image"></a><p>Meguiar's Flagship Premium Marine Wax, Boat Polish and Oxidation Remover - 32 Oz Bottle</p><p>$21.49</p><a href="https://www.amazon.com/dp/B0007TR47G?tag=eloabder-20&linkCode=osi&th=1&psc=1">View Product</a></div><div class="product"><a href="https://www.amazon.com/dp/B006GJYLFY?tag=eloabder-20&linkCode=osi&th=1&psc=1"><img src="https://m.media-amazon.com/images/I/31G78TSjssL._SL500_.jpg" alt="Product Image"></a><p>Boat Bling Condition Sauce Premium Interior Moisturizer w/UV Protection, 32 oz.</p><p>$27.95</p><a href="https://www.amazon.com/dp/B006GJYLFY?tag=eloabder-20&linkCode=osi&th=1&psc=1">View Product</a></div><div class="product"><a href="https://www.amazon.com/dp/B006GJYKWI?tag=eloabder-20&linkCode=osi&th=1&psc=1"><img src="https://m.media-amazon.com/images/I/41AcDanNz-L._SL500_.jpg" alt="Product Image"></a><p>Boat Bling VS-0032 Vinyl Sauce Premium Vinyl and Leather Cleaner, 32 Oz., for Boats, RVs, Powersport Vehicles and More</p><p>$22.95 ($0.72 / Fl Oz)</p><a href="https://www.amazon.com/dp/B006GJYKWI?tag=eloabder-20&linkCode=osi&th=1&psc=1">View Product</a></div>
<div class="product"><a href="https://www.amazon.com/dp/B004OJTEKK?tag=eloabder-20&linkCode=osi&th=1&psc=1"><img src="https://m.media-amazon.com/images/I/41q8kkNiKOL._SL500_.jpg" alt="Product Image"></a><p>Shurhold Yacht Brite YBP-0302 Brite Wash - 1 Gallon</p><p>$23.97 ($0.19 / Fl Oz)</p><a href="https://www.amazon.com/dp/B004OJTEKK?tag=eloabder-20&linkCode=osi&th=1&psc=1">View Product</a></div>




<div class="product"><a href="https://www.amazon.com/dp/B0B2RDZNZB?tag=eloabder-20&linkCode=osi&th=1&psc=1"><img src="https://m.media-amazon.com/images/I/51RVSUoRuGL._SL500_.jpg" alt="Product Image"></a><p>Fancemot Helicopter Car Air Fresheners Rotating Solar Car Fresheners Airplane Car Perfume (Osmanthus & Vanilla)</p><p>$14.08</p><a href="https://www.amazon.com/dp/B0B2RDZNZB?tag=eloabder-20&linkCode=osi&th=1&psc=1">View Product</a></div><div class="product"><a href="https://www.amazon.com/dp/B0994PG1ZD?tag=eloabder-20&linkCode=osi&th=1&psc=1"><img src="https://m.media-amazon.com/images/I/413er0A8cVS._SL500_.jpg" alt="Product Image"></a><p>NICEADA Car Air Freshener, Helicopter Solar Energy Rotating Aromatherapy Aviation Al Alloy Diffuser, Interior Decoration Accessories Diffuser for Car and Home (Silver)</p><p>$23.99</p><a href="https://www.amazon.com/dp/B0994PG1ZD?tag=eloabder-20&linkCode=osi&th=1&psc=1">View Product</a></div><div class="product"><a href="https://www.amazon.com/dp/B09ZTMZKSJ?tag=eloabder-20&linkCode=osi&th=1&psc=1"><img src="https://m.media-amazon.com/images/I/41rz5PydC9L._SL500_.jpg" alt="Product Image"></a><p>Air Freshener, Gigicloud Car Fragrance Diffuser Solar Rotating Automotive Air Fresheners Ornament Helicopter Shape Solid Aromatherapy Decoration for Car and Home (Black)</p><p>$15.49</p><a href="https://www.amazon.com/dp/B09ZTMZKSJ?tag=eloabder-20&linkCode=osi&th=1&psc=1">View Product</a></div><div class="product"><a href="https://www.amazon.com/dp/B0CWNNPCD3?tag=eloabder-20&linkCode=osi&th=1&psc=1"><img src="https://m.media-amazon.com/images/I/51nznnJJhfL._SL500_.jpg" alt="Product Image"></a><p>Car Air Freshener Diffuser, KaiDengZhe 1PCS Helicopter Solar Energy Rotating Aromatherapy Aviation Al Alloy Diffuser, Car Diffuser for Essential Oils, Relieve Stress and Purifie Odors for Car and Home</p><p>$15.99</p><a href="https://www.amazon.com/dp/B0CWNNPCD3?tag=eloabder-20&linkCode=osi&th=1&psc=1">View Product</a></div><div class="product"><a href="https://www.amazon.com/dp/B0B8T47G65?tag=eloabder-20&linkCode=osi&th=1&psc=1"><img src="https://m.media-amazon.com/images/I/41d6cgVheqL._SL500_.jpg" alt="Product Image"></a><p>Joyfunky Car Air Fresheners with Solar Rotating, Creative Car Perfume Decoration, Relieve Stress and Purifie Odors, Use at Car, office and Home, Silver</p><p>$12.99</p><a href="https://www.amazon.com/dp/B0B8T47G65?tag=eloabder-20&linkCode=osi&th=1&psc=1">View Product</a></div><div class="product"><a href="https://www.amazon.com/dp/B0D4ZHJVK8?tag=eloabder-20&linkCode=osi&th=1&psc=1"><img src="https://m.media-amazon.com/images/I/41sEhsjtb4L._SL500_.jpg" alt="Product Image"></a><p>NICEADA Helicopter Solar Car Air Freshener Refill Set, Solar Essential Oil Refill Perfume Oil for Car Air Fresheners(4 Packs)</p><p>$21.99 ($24.99 / Fl Oz)</p><a href="https://www.amazon.com/dp/B0D4ZHJVK8?tag=eloabder-20&linkCode=osi&th=1&psc=1">View Product</a></div><div class="product"><a href="https://www.amazon.com/dp/B0D251XW47?tag=eloabder-20&linkCode=osi&th=1&psc=1"><img src="https://m.media-amazon.com/images/I/41x6lmNq9fL._SL500_.jpg" alt="Product Image"></a><p>Helicopter Car Air Fresheners with Solar Rotating, Creative Car Perfume Decoration, Car Airplane Fragrance Diffuser for Car, Home, Office (Silver)</p><p>$13.09</p><a href="https://www.amazon.com/dp/B0D251XW47?tag=eloabder-20&linkCode=osi&th=1&psc=1">View Product</a></div>

<div class="product"><a href="https://www.amazon.com/dp/B0D4154TQG?tag=eloabder-20&linkCode=osi&th=1&psc=1"><img src="https://m.media-amazon.com/images/I/217Iw-nO3UL._SL500_.jpg" alt="Product Image"></a><p>RV Curtain Glide Tape A115, 1/2 Inch Glides Clear RV Curtain Strip Curtain Slide Tape 72 Inches Long Use with Ceiling or Wall Mount Curtain Track A201 A202 (2 Pack)</p><p>$17.99</p><a href="https://www.amazon.com/dp/B0D4154TQG?tag=eloabder-20&linkCode=osi&th=1&psc=1">View Product</a></div>
<div class="product"><a href="https://www.amazon.com/dp/B08W4PQN8L?tag=eloabder-20&linkCode=osi&th=1&psc=1"><img src="https://m.media-amazon.com/images/I/41udmrd6QTL._SL500_.jpg" alt="Product Image"></a><p>Hot Air Balloon Novelty Air Freshener for Car - Sandalwood Scented Automotive Accessory New Mexico Souvenir Gift (Pack of 4)</p><p>$7.99 ($2.00 / Count)</p><a href="https://www.amazon.com/dp/B08W4PQN8L?tag=eloabder-20&linkCode=osi&th=1&psc=1">View Product</a></div>















<div class="product"><a href="https://www.amazon.com/dp/B0CP87K2VD?tag=eloabder-20&linkCode=osi&th=1&psc=1"><img src="https://m.media-amazon.com/images/I/41dTH4OPkcL._SL500_.jpg" alt="Product Image"></a><p>For harley air cleaner filter Touring street glide road king electra tri trike Dyna Sportster XL 883 1200 Softail air intake (Drift style -Contrast Cut, C-For Touring 08-16, Softail 16-17)</p><p>$125.00</p><a href="https://www.amazon.com/dp/B0CP87K2VD?tag=eloabder-20&linkCode=osi&th=1&psc=1">View Product</a></div><div class="product"><a href="https://www.amazon.com/dp/B08DNLNY3G?tag=eloabder-20&linkCode=osi&th=1&psc=1"><img src="https://m.media-amazon.com/images/I/51baNj3o8CL._SL500_.jpg" alt="Product Image"></a><p>2963308 HD1508 Ultra Classic Air Filter Cleaner for 2008-2014 Harley Davidson Street Glide, Electra Glide, Road King, Road Glide Custom, Ultra Classic and other select models HD-1508</p><p>$21.99</p><a href="https://www.amazon.com/dp/B08DNLNY3G?tag=eloabder-20&linkCode=osi&th=1&psc=1">View Product</a></div><div class="product"><a href="https://www.amazon.com/dp/B0CQ2KKC3N?tag=eloabder-20&linkCode=osi&th=1&psc=1"><img src="https://m.media-amazon.com/images/I/31W2a0gAwIL._SL500_.jpg" alt="Product Image"></a><p>High-Flo Replacement Air Filter Element For Ventilator - Milwaukee-Eight Engine '18-later Softail and '17-later Touring and Trike Models Equipped with 114 Air Cleaner</p><p>$39.99</p><a href="https://www.amazon.com/dp/B0CQ2KKC3N?tag=eloabder-20&linkCode=osi&th=1&psc=1">View Product</a></div><div class="product"><a href="https://www.amazon.com/dp/B0CPJ5BSGM?tag=eloabder-20&linkCode=osi&th=1&psc=1"><img src="https://m.media-amazon.com/images/I/41cUadnGKpL._SL500_.jpg" alt="Product Image"></a><p>For harley air cleaner filter sportster street road glide king for harley davidson motorcycle air intake (Nake style -Black, A-For Sportster XL models)</p><p>$169.00</p><a href="https://www.amazon.com/dp/B0CPJ5BSGM?tag=eloabder-20&linkCode=osi&th=1&psc=1">View Product</a></div><div class="product"><a href="https://www.amazon.com/dp/B0CR17NS1M?tag=eloabder-20&linkCode=osi&th=1&psc=1"><img src="https://m.media-amazon.com/images/I/41n57oM0A-L._SL500_.jpg" alt="Product Image"></a><p>For harley air cleaner filter Sportster Softail Touring street road king glide Dyna for harley davidson air intake filters (Speed 7 style -gray filter, C-For Touring 08-16, Softail 16-17)</p><p>$89.00</p><a href="https://www.amazon.com/dp/B0CR17NS1M?tag=eloabder-20&linkCode=osi&th=1&psc=1">View Product</a></div><div class="product"><a href="https://www.amazon.com/dp/B0CR167HDN?tag=eloabder-20&linkCode=osi&th=1&psc=1"><img src="https://m.media-amazon.com/images/I/41o4byfzbRL._SL500_.jpg" alt="Product Image"></a><p>For harley davidson air cleaner filter sportster Touring street glide road king electra Dyna Softail motorcycle air intake (Chromed- gray filter, C-For Touring 2008-2016)</p><p>$99.00</p><a href="https://www.amazon.com/dp/B0CR167HDN?tag=eloabder-20&linkCode=osi&th=1&psc=1">View Product</a></div>







<div class="product"><a href="https://www.amazon.com/dp/B08WH8CWDM?tag=eloabder-20&linkCode=osi&th=1&psc=1"><img src="https://m.media-amazon.com/images/I/41Jj3ouB+1L._SL500_.jpg" alt="Product Image"></a><p>Glaze 'N Seal Color Enhancer Paver Sealer, 1 Gallon (923)</p><p>$62.99</p><a href="https://www.amazon.com/dp/B08WH8CWDM?tag=eloabder-20&linkCode=osi&th=1&psc=1">View Product</a></div>

<div class="product"><a href="https://www.amazon.com/dp/B0B58G8WRX?tag=eloabder-20&linkCode=osi&th=1&psc=1"><img src="https://m.media-amazon.com/images/I/41hjxJMTGJL._SL500_.jpg" alt="Product Image"></a><p>Solarhome Air Filter 333-D2696 333D2696 Compatible with JCB Backhoe Loader 3CX 4CX Telehandler 531-70</p><p>$34.50</p><a href="https://www.amazon.com/dp/B0B58G8WRX?tag=eloabder-20&linkCode=osi&th=1&psc=1">View Product</a></div>




<div class="product"><a href="https://www.amazon.com/dp/B07G7XG6BV?tag=eloabder-20&linkCode=osi&th=1&psc=1"><img src="https://m.media-amazon.com/images/I/510tZGutn6L._SL500_.jpg" alt="Product Image"></a><p>Holikme 6Pack Cleaning Brush Power Scrubber Cleaning Brush Extended Long Attachment Set All Purpose Scrub Brushes Kit for Grout, Floor, Tub, Shower, Tile, Bathroom,Car Cleaning Brush，Yellow</p><p>$6.95</p><a href="https://www.amazon.com/dp/B07G7XG6BV?tag=eloabder-20&linkCode=osi&th=1&psc=1">View Product</a></div>



<div class="product"><a href="https://www.amazon.com/dp/B000FW2NWQ?tag=eloabder-20&linkCode=osi&th=1&psc=1"><img src="https://m.media-amazon.com/images/I/31VlBDw7uDL._SL500_.jpg" alt="Product Image"></a><p>Performance Tool W233 12-Inch Long Reach Extension Scraper with 3pc Double Edged Plastic Razor Scraper Blades and 3pc Carbon Steel Razor Scraper Blades</p><p>$10.31</p><a href="https://www.amazon.com/dp/B000FW2NWQ?tag=eloabder-20&linkCode=osi&th=1&psc=1">View Product</a></div>
<div class="product"><a href="https://www.amazon.com/dp/B0BV2CQ5SW?tag=eloabder-20&linkCode=osi&th=1&psc=1"><img src="https://m.media-amazon.com/images/I/51VkTDjGg4L._SL500_.jpg" alt="Product Image"></a><p>Filterelated Mixed Bed Deionized Di Resin Filter Fill, Suitable For Spotless Car Wash System Filter Change, Tds Filter, Aquarium Filter, Deionized Car Wash,5 Liters</p><p>$49.99</p><a href="https://www.amazon.com/dp/B0BV2CQ5SW?tag=eloabder-20&linkCode=osi&th=1&psc=1">View Product</a></div><div class="product"><a href="https://www.amazon.com/dp/B01MRVQ9UE?tag=eloabder-20&linkCode=osi&th=1&psc=1"><img src="https://m.media-amazon.com/images/I/51+i6fjU6tL._SL500_.jpg" alt="Product Image"></a><p>Husqvarna XP Pre-Mixed Fuel and Engine Oil Quart (3 Pack),Blue</p><p>$32.99 ($0.34 / Count)</p><a href="https://www.amazon.com/dp/B01MRVQ9UE?tag=eloabder-20&linkCode=osi&th=1&psc=1">View Product</a></div>




<div class="product"><a href="https://www.amazon.com/dp/B01N2G2NEJ?tag=eloabder-20&linkCode=osi&th=1&psc=1"><img src="https://m.media-amazon.com/images/I/41-5g4zEDpL._SL500_.jpg" alt="Product Image"></a><p>Chemical Guys SPI10816 Heavy Duty Water Spot Remover, Safe for Cars, Trucks, Motorcycles, RVs & More, 16 fl oz</p><p>$17.97 ($1.12 / Fl Oz)</p><a href="https://www.amazon.com/dp/B01N2G2NEJ?tag=eloabder-20&linkCode=osi&th=1&psc=1">View Product</a></div>









<div class="product"><a href="https://www.amazon.com/dp/B08YRVH2QV?tag=eloabder-20&linkCode=osi&th=1&psc=1"><img src="https://m.media-amazon.com/images/I/5164O-Jr2QL._SL500_.jpg" alt="Product Image"></a><p>Thetford AquaMAX Summer Cypress Scent RV Holding Tank Treatment, Formaldehyde Free, Waste Digester, Septic Tank Safe, 5 Gallon Bottle (96754)</p><p>$248.18</p><a href="https://www.amazon.com/dp/B08YRVH2QV?tag=eloabder-20&linkCode=osi&th=1&psc=1">View Product</a></div><div class="product"><a href="https://www.amazon.com/dp/B0BPMW7485?tag=eloabder-20&linkCode=osi&th=1&psc=1"><img src="https://m.media-amazon.com/images/I/51WNuQeew7L._SL500_.jpg" alt="Product Image"></a><p>XFasten Butyl Tape Black 1/2” x 30’ x 1/8" Butyl Sealant Tape Headlight Sealant Putty Tape | Black Butyl Caulking Tape | Butyl Tape RV Putty Tape EPDM Automotive Butyl Rubber Window Sealant for RV</p><p>$13.99 ($0.47 / Foot)</p><a href="https://www.amazon.com/dp/B0BPMW7485?tag=eloabder-20&linkCode=osi&th=1&psc=1">View Product</a></div>
<div class="product"><a href="https://www.amazon.com/dp/B006DXWZQU?tag=eloabder-20&linkCode=osi&th=1&psc=1"><img src="https://m.media-amazon.com/images/I/41wtqfFFfQL._SL500_.jpg" alt="Product Image"></a><p>FRAM Ultra Synthetic Automotive Replacement Oil Filter, Designed for Synthetic Oil Changes Lasting up to 20k Miles, XG10575 with SureGrip (Pack of 1)</p><p>$10.79</p><a href="https://www.amazon.com/dp/B006DXWZQU?tag=eloabder-20&linkCode=osi&th=1&psc=1">View Product</a></div><div class="product"><a href="https://www.amazon.com/dp/B01LH7L0XA?tag=eloabder-20&linkCode=osi&th=1&psc=1"><img src="https://m.media-amazon.com/images/I/41yD3QmbyZL._SL500_.jpg" alt="Product Image"></a><p>Shell Rotella T4 Triple Protection Conventional 15W-40 Diesel Engine Oil (1-Gallon, Single Pack)</p><p>$15.98 ($0.12 / Fl Oz)</p><a href="https://www.amazon.com/dp/B01LH7L0XA?tag=eloabder-20&linkCode=osi&th=1&psc=1">View Product</a></div><div class="product"><a href="https://www.amazon.com/dp/B00ICSWGJ0?tag=eloabder-20&linkCode=osi&th=1&psc=1"><img src="https://m.media-amazon.com/images/I/41Ahz5dVc5L._SL500_.jpg" alt="Product Image"></a><p>Castrol Edge 5W-30 Advanced Full Synthetic Motor Oil, 5 Quarts</p><p>$24.72 ($0.15 / Fl Oz)</p><a href="https://www.amazon.com/dp/B00ICSWGJ0?tag=eloabder-20&linkCode=osi&th=1&psc=1">View Product</a></div><div class="product"><a href="https://www.amazon.com/dp/B01N8RPDT8?tag=eloabder-20&linkCode=osi&th=1&psc=1"><img src="https://m.media-amazon.com/images/I/41Qm+9e8sCL._SL500_.jpg" alt="Product Image"></a><p>Motorcraft - Oil - Engine (XO10W305Q3SD)</p><p>$32.27</p><a href="https://www.amazon.com/dp/B01N8RPDT8?tag=eloabder-20&linkCode=osi&th=1&psc=1">View Product</a></div>
<div class="product"><a href="https://www.amazon.com/dp/B07FTRZLM5?tag=eloabder-20&linkCode=osi&th=1&psc=1"><img src="https://m.media-amazon.com/images/I/416uoNYOsXL._SL500_.jpg" alt="Product Image"></a><p>Chemical Guys HOL126 14-Piece Arsenal Builder Car Wash Kit with Foam Gun, Bucket, and (5) 16 oz Car Care Cleaning Chemicals, Gift for Car & Truck Lovers, Dads and DIYers (Works w/Garden Hose)</p><p>$119.99</p><a href="https://www.amazon.com/dp/B07FTRZLM5?tag=eloabder-20&linkCode=osi&th=1&psc=1">View Product</a></div><div class="product"><a href="https://www.amazon.com/dp/B0741RL23Q?tag=eloabder-20&linkCode=osi&th=1&psc=1"><img src="https://m.media-amazon.com/images/I/410wwKZBYVL._SL500_.jpg" alt="Product Image"></a><p>Chemical Guys SPI220 Total Interior Cleaner and Protectant, Safe for Cars, Trucks, SUVs, Jeeps, Motorcycles, RVs & More, 128 fl oz (1 Gallon)</p><p>$54.99 ($0.43 / Fl Oz)</p><a href="https://www.amazon.com/dp/B0741RL23Q?tag=eloabder-20&linkCode=osi&th=1&psc=1">View Product</a></div><div class="product"><a href="https://www.amazon.com/dp/B002J7VX4Y?tag=eloabder-20&linkCode=osi&th=1&psc=1"><img src="https://m.media-amazon.com/images/I/41oijnffQ0L._SL500_.jpg" alt="Product Image"></a><p>Chemical Guys AIR_101_16 New Car Smell Premium Air Freshener and Odor Eliminator, Long-Lasting Scent, Great for Cars, Trucks, SUVs, RVs & More, 16 fl oz</p><p>$10.99 ($0.69 / Fl Oz)</p><a href="https://www.amazon.com/dp/B002J7VX4Y?tag=eloabder-20&linkCode=osi&th=1&psc=1">View Product</a></div><div class="product"><a href="https://www.amazon.com/dp/B077TPG55M?tag=eloabder-20&linkCode=osi&th=1&psc=1"><img src="https://m.media-amazon.com/images/I/51aYksYRthL._SL500_.jpg" alt="Product Image"></a><p>Chemical Guys CWS20264 Tough Mudder Foaming Truck, Off Road, ATV and RV Heavy Duty Wash Soap,(Works with Foam Cannons, Foam Guns or Bucket Washes), 64 fl oz (Half Gallon), Lemon Scent</p><p>$39.99 ($0.62 / Fl Oz)</p><a href="https://www.amazon.com/dp/B077TPG55M?tag=eloabder-20&linkCode=osi&th=1&psc=1">View Product</a></div><div class="product"><a href="https://www.amazon.com/dp/B00BJCAPEE?tag=eloabder-20&linkCode=osi&th=1&psc=1"><img src="https://m.media-amazon.com/images/I/416RIPKVW1L._SL500_.jpg" alt="Product Image"></a><p>Chemical Guys CWS_402 Mr. Pink Foaming Car Wash Soap (Works with Foam Cannons, Foam Guns or Bucket Washes) Safe for Cars, Trucks, Motorcycles, RVs & More, 128 fl oz, Candy Scent</p><p>$39.99 ($0.31 / Fl Oz)</p><a href="https://www.amazon.com/dp/B00BJCAPEE?tag=eloabder-20&linkCode=osi&th=1&psc=1">View Product</a></div><div class="product"><a href="https://www.amazon.com/dp/B01C6AISUK?tag=eloabder-20&linkCode=osi&th=1&psc=1"><img src="https://m.media-amazon.com/images/I/41FrDCDPB6S._SL500_.jpg" alt="Product Image"></a><p>Chemical Guys CLD_700_16 Mat Renew Rubber + Vinyl Floor Mat Cleaner And Protectant, Safe for Cars, Trucks, SUVs, Motorcycles, RVs & More, 16 fl oz</p><p>$10.99 ($0.69 / Fl Oz)</p><a href="https://www.amazon.com/dp/B01C6AISUK?tag=eloabder-20&linkCode=osi&th=1&psc=1">View Product</a></div><div class="product"><a href="https://www.amazon.com/dp/B01N76S0A7?tag=eloabder-20&linkCode=osi&th=1&psc=1"><img src="https://m.media-amazon.com/images/I/51jurhYPCgL._SL500_.jpg" alt="Product Image"></a><p>Chemical Guys HOL131 Premium Chenille Microfiber Car Wash Mop and Heavy Duty Extendable Pole Kit (Great for RVs, Trucks, SUVs, Jeeps & Large Vehicles), With Mr. Pink Foaming Car Wash Soap - 4 fl oz</p><p>$49.99</p><a href="https://www.amazon.com/dp/B01N76S0A7?tag=eloabder-20&linkCode=osi&th=1&psc=1">View Product</a></div><div class="product"><a href="https://www.amazon.com/dp/B009OTW646?tag=eloabder-20&linkCode=osi&th=1&psc=1"><img src="https://m.media-amazon.com/images/I/41lG36UqLBL._SL500_.jpg" alt="Product Image"></a><p>Chemical Guys CWS 110 Honeydew Snow Foam Car Wash Soap (Works with Foam Cannons, Guns or Bucket Washes) Safe for Trucks, Motorcycles, RVs & More, 128 fl oz (1 Gallon), Honeydew Scent</p><p>$39.99 ($0.31 / Fl Oz)</p><a href="https://www.amazon.com/dp/B009OTW646?tag=eloabder-20&linkCode=osi&th=1&psc=1">View Product</a></div><div class="product"><a href="https://www.amazon.com/dp/B08P54Z2C2?tag=eloabder-20&linkCode=osi&th=1&psc=1"><img src="https://m.media-amazon.com/images/I/41Ra65iS2OL._SL500_.jpg" alt="Product Image"></a><p>Chemical Guys WAC23316 HydroSpeed Ceramic Quick Detailer, Safe for Cars, Trucks, SUVs, Motorcycles, RVs & More, 16 fl oz</p><p>$24.99</p><a href="https://www.amazon.com/dp/B08P54Z2C2?tag=eloabder-20&linkCode=osi&th=1&psc=1">View Product</a></div>
<div class="product"><a href="https://www.amazon.com/dp/B0C7WLPQC7?tag=eloabder-20&linkCode=osi&th=1&psc=1"><img src="https://m.media-amazon.com/images/I/41hJeSxsSWL._SL500_.jpg" alt="Product Image"></a><p>Detail King Car Odor Removal - Chlorine Dioxide Cup - Extreme Odor Eliminator For Car - Safe And Easy To Use (3 Oz (Pack of 1) - Plastic)</p><p>$24.95 ($8.32 / Ounce)</p><a href="https://www.amazon.com/dp/B0C7WLPQC7?tag=eloabder-20&linkCode=osi&th=1&psc=1">View Product</a></div>

<div class="product"><a href="https://www.amazon.com/dp/B0052XFWCG?tag=eloabder-20&linkCode=osi&th=1&psc=1"><img src="https://m.media-amazon.com/images/I/41qajeJVXLL._SL500_.jpg" alt="Product Image"></a><p>Hot Shot's Secret HSS64Z Original Stiction Eliminator 64 Fluid Ounce Bottle, Green</p><p>$53.45 ($0.84 / Fl Oz)</p><a href="https://www.amazon.com/dp/B0052XFWCG?tag=eloabder-20&linkCode=osi&th=1&psc=1">View Product</a></div><div class="product"><a href="https://www.amazon.com/dp/B009M64CAW?tag=eloabder-20&linkCode=osi&th=1&psc=1"><img src="https://m.media-amazon.com/images/I/417D8X0nkBL._SL500_.jpg" alt="Product Image"></a><p>Lucas Oil 10679 Hot Rod & Classic Car SAE 10W-30 Motor Oil - 5 Quart</p><p>$38.50 ($0.24 / Fl Oz)</p><a href="https://www.amazon.com/dp/B009M64CAW?tag=eloabder-20&linkCode=osi&th=1&psc=1">View Product</a></div><div class="product"><a href="https://www.amazon.com/dp/B01L9ARY9O?tag=eloabder-20&linkCode=osi&th=1&psc=1"><img src="https://m.media-amazon.com/images/I/51yaZAYH75L._SL500_.jpg" alt="Product Image"></a><p>FPPF Chemical Co 00161 16 OZ HOT 4-in-1 Heating Oil Treatment (2 Bottles)</p><p>$26.42</p><a href="https://www.amazon.com/dp/B01L9ARY9O?tag=eloabder-20&linkCode=osi&th=1&psc=1">View Product</a></div><div class="product"><a href="https://www.amazon.com/dp/B009M64CUM?tag=eloabder-20&linkCode=osi&th=1&psc=1"><img src="https://m.media-amazon.com/images/I/41yiWaF8YQL._SL500_.jpg" alt="Product Image"></a><p>Lucas Oil 10683 Hot Rod & Classic Car SAE 10W-40 Motor Oil - 5 Quart</p><p>$43.24 ($0.27 / Fl Oz)</p><a href="https://www.amazon.com/dp/B009M64CUM?tag=eloabder-20&linkCode=osi&th=1&psc=1">View Product</a></div><div class="product"><a href="https://www.amazon.com/dp/B0973HNRH9?tag=eloabder-20&linkCode=osi&th=1&psc=1"><img src="https://m.media-amazon.com/images/I/41kyGGJa--L._SL500_.jpg" alt="Product Image"></a><p>Hot Shot's Secret FR3 Friction Reducer 64 Fluid Ounce 2 Quarts, Light Yellow Liquid, (HSSFR364Z)</p><p>$59.73 ($0.93 / Fl Oz)</p><a href="https://www.amazon.com/dp/B0973HNRH9?tag=eloabder-20&linkCode=osi&th=1&psc=1">View Product</a></div><div class="product"><a href="https://www.amazon.com/dp/B082YFQQ25?tag=eloabder-20&linkCode=osi&th=1&psc=1"><img src="https://m.media-amazon.com/images/I/511PTX7LlZL._SL500_.jpg" alt="Product Image"></a><p>Hot Shot's Secret Green Diamond 100 Percent Synthetic 15W40 Oil Diesel 1 Gallon</p><p>$39.99 ($0.31 / Fl Oz)</p><a href="https://www.amazon.com/dp/B082YFQQ25?tag=eloabder-20&linkCode=osi&th=1&psc=1">View Product</a></div>















<div class="product"><a href="https://www.amazon.com/dp/B08PTMXCJL?tag=eloabder-20&linkCode=osi&th=1&psc=1"><img src="https://m.media-amazon.com/images/I/410eJv-7UHL._SL500_.jpg" alt="Product Image"></a><p>Moly Grease | 3% Molybdenum Disulfide | Fifth Wheel | 5th | Automotive | Tractor | Axle | Spline | CV Joint | Lithium EP Grease | High Temp | 35 LB Pail Bucket | Black Moly | NLGI 2 | HeavyDuty Moly</p><p>$174.99 ($0.31 / Ounce)</p><a href="https://www.amazon.com/dp/B08PTMXCJL?tag=eloabder-20&linkCode=osi&th=1&psc=1">View Product</a></div><div class="product"><a href="https://www.amazon.com/dp/B08PTHJTK5?tag=eloabder-20&linkCode=osi&th=1&psc=1"><img src="https://m.media-amazon.com/images/I/41VdMjJ38aL._SL500_.jpg" alt="Product Image"></a><p>Wheel Bearing Grease Pail | Lithium Complex | High Temp EP | CV Joint | Axle | Automotive | Tractor | Truck | Ball Joint | Marine Boat | Gear | Heavy Duty | Blue | 35 LB Bucket | NLGI 2 | MultiPurpose</p><p>$167.99 ($0.30 / Ounce)</p><a href="https://www.amazon.com/dp/B08PTHJTK5?tag=eloabder-20&linkCode=osi&th=1&psc=1">View Product</a></div><div class="product"><a href="https://www.amazon.com/dp/B0013J1UA6?tag=eloabder-20&linkCode=osi&th=1&psc=1"><img src="https://m.media-amazon.com/images/I/41G0Fkf7KnL._SL500_.jpg" alt="Product Image"></a><p>CRC Food Grade Chain Lube 03055 – 12 Wt. Oz. Aerosol, NSF H1 Gear, Chain, and Wire Lubricant</p><p>$19.25 ($1.60 / Ounce)</p><a href="https://www.amazon.com/dp/B0013J1UA6?tag=eloabder-20&linkCode=osi&th=1&psc=1">View Product</a></div>





<div class="product"><a href="https://www.amazon.com/dp/B08GQ9G2V5?tag=eloabder-20&linkCode=osi&th=1&psc=1"><img src="https://m.media-amazon.com/images/I/511+rapOlWL._SL500_.jpg" alt="Product Image"></a><p>Armor All Car Air Freshener and Purifier, Car Odor Eliminator, 1.5 Ounce (Pack of 3)</p><p>$21.21 ($4.71 / Ounce)</p><a href="https://www.amazon.com/dp/B08GQ9G2V5?tag=eloabder-20&linkCode=osi&th=1&psc=1">View Product</a></div>







<div class="product"><a href="https://www.amazon.com/dp/B001229JCU?tag=eloabder-20&linkCode=osi&th=1&psc=1"><img src="https://m.media-amazon.com/images/I/31W6FuKPMcL._SL500_.jpg" alt="Product Image"></a><p>First Alert EZ Fire Spray, Extinguishing Aerosol Spray, AF400 Red 18 Ounce (Pack of 1)</p><p>$12.49</p><a href="https://www.amazon.com/dp/B001229JCU?tag=eloabder-20&linkCode=osi&th=1&psc=1">View Product</a></div><div class="product"><a href="https://www.amazon.com/dp/B002U0KGDY?tag=eloabder-20&linkCode=osi&th=1&psc=1"><img src="https://m.media-amazon.com/images/I/51p6R+mcRhL._SL500_.jpg" alt="Product Image"></a><p>First Alert EZ Fire Spray, Extinguishing Aerosol Spray, Pack of 2, AF400-2, RED</p><p>$27.02</p><a href="https://www.amazon.com/dp/B002U0KGDY?tag=eloabder-20&linkCode=osi&th=1&psc=1">View Product</a></div>
<div class="product"><a href="https://www.amazon.com/dp/B0088LVBUQ?tag=eloabder-20&linkCode=osi&th=1&psc=1"><img src="https://m.media-amazon.com/images/I/31h7l-l6u2L._SL500_.jpg" alt="Product Image"></a><p>Seymour EN-59 Hi-Tech Engine Spray Paint, General Motors Red</p><p>$9.08 ($0.76 / Ounce)</p><a href="https://www.amazon.com/dp/B0088LVBUQ?tag=eloabder-20&linkCode=osi&th=1&psc=1">View Product</a></div>




<div class="product"><a href="https://www.amazon.com/dp/B000HBNU9K?tag=eloabder-20&linkCode=osi&th=1&psc=1"><img src="https://m.media-amazon.com/images/I/41URzfKaVsL._SL500_.jpg" alt="Product Image"></a><p>Permatex 27828 Body Shop Heavy Duty Headliner Adhesive, High-Strength Spray Adhesive, Repair Detached Or Loose Interior Parts, Dries Clear, Aerosol Can, 16.75 Oz</p><p>$17.05 ($1.02 / Ounce)</p><a href="https://www.amazon.com/dp/B000HBNU9K?tag=eloabder-20&linkCode=osi&th=1&psc=1">View Product</a></div><div class="product"><a href="https://www.amazon.com/dp/B001VXXEXU?tag=eloabder-20&linkCode=osi&th=1&psc=1"><img src="https://m.media-amazon.com/images/I/5112onMwzaL._SL500_.jpg" alt="Product Image"></a><p>Vibra-TITE 213 Red VC-3 Original Threadmate, 250ml Can</p><p>$99.19</p><a href="https://www.amazon.com/dp/B001VXXEXU?tag=eloabder-20&linkCode=osi&th=1&psc=1">View Product</a></div><div class="product"><a href="https://www.amazon.com/dp/B0CWPSLTR1?tag=eloabder-20&linkCode=osi&th=1&psc=1"><img src="https://m.media-amazon.com/images/I/31ytleZjjaL._SL500_.jpg" alt="Product Image"></a><p>P & S PROFESSIONAL DETAIL PRODUCTS - Terminator Enzyme Spot and Stain Remover - Perfect for Deodorizing, Removing Embedded Soils, Grease, Dirt, and Protein-Based Stains; Fresh Scent (1 Quart)</p><p>$25.95 ($0.81 / Fl Oz)</p><a href="https://www.amazon.com/dp/B0CWPSLTR1?tag=eloabder-20&linkCode=osi&th=1&psc=1">View Product</a></div><div class="product"><a href="https://www.amazon.com/dp/B07GFNQL9H?tag=eloabder-20&linkCode=osi&th=1&psc=1"><img src="https://m.media-amazon.com/images/I/41AA3Nbt8OL._SL500_.jpg" alt="Product Image"></a><p>Gunk FEB1 Foamy Engine Brite Engine Cleaner - 17oz. 2 Pack</p><p>$17.95 ($0.53 / Ounce)</p><a href="https://www.amazon.com/dp/B07GFNQL9H?tag=eloabder-20&linkCode=osi&th=1&psc=1">View Product</a></div>



<div class="product"><a href="https://www.amazon.com/dp/B003SKCARK?tag=eloabder-20&linkCode=osi&th=1&psc=1"><img src="https://m.media-amazon.com/images/I/41rvU5irgRL._SL500_.jpg" alt="Product Image"></a><p>Obenauf's Heavy Duty LP Leather Preservative (4oz)- All Natural Beeswax Oil Conditioner- Rejuvenate Restore & Preserve Sunfaded or Cracked Boots Jackets Saddles Car Auto Upholstery Furniture- USA Made</p><p>$15.99</p><a href="https://www.amazon.com/dp/B003SKCARK?tag=eloabder-20&linkCode=osi&th=1&psc=1">View Product</a></div>
Aucun résultat trouvé.

<div class="product"><a href="https://www.amazon.com/dp/B0CLWDDWHX?tag=eloabder-20&linkCode=osi&th=1&psc=1"><img src="https://m.media-amazon.com/images/I/51HPMtia03L._SL500_.jpg" alt="Product Image"></a><p>Fire Fix Fire Extinguisher for Home 5-Pack | Made in USA | Emergency Fire Spray Foam for Apartment, Boat, Camping, Car, House, Kitchen & Vehicle | Safety & Survival | Compact, Small, Safe & Easy Use</p><p>$56.95</p><a href="https://www.amazon.com/dp/B0CLWDDWHX?tag=eloabder-20&linkCode=osi&th=1&psc=1">View Product</a></div><div class="product"><a href="https://www.amazon.com/dp/B0CKZF9H3D?tag=eloabder-20&linkCode=osi&th=1&psc=1"><img src="https://m.media-amazon.com/images/I/41+Q4YdByuL._SL500_.jpg" alt="Product Image"></a><p>Firexo All Fires Fire Extinguisher - Multipurpose Mini Aerosol - Pack of 6 - Home, Kitchen, Car, Garage, Boat, Caravan, Camping Household, ABC, Vehicle, Compact, RV, Emergency Equipment (0.1 Gal)</p><p>$139.99</p><a href="https://www.amazon.com/dp/B0CKZF9H3D?tag=eloabder-20&linkCode=osi&th=1&psc=1">View Product</a></div>
Aucun résultat trouvé.
Aucun résultat trouvé.






<div class="product"><a href="https://www.amazon.com/dp/B00FOKOKMU?tag=eloabder-20&linkCode=osi&th=1&psc=1"><img src="https://m.media-amazon.com/images/I/41KsUW-6WOL._SL500_.jpg" alt="Product Image"></a><p>The Original Leather Recoloring Balm by Furniture Clinic - 16 Colors - Leather Repair Kit for Furniture - Restore Couches, Car Seats & More - Leather Dye for Scratched and Faded Leather (Beige)</p><p>$29.95</p><a href="https://www.amazon.com/dp/B00FOKOKMU?tag=eloabder-20&linkCode=osi&th=1&psc=1">View Product</a></div>


<div class="product"><a href="https://www.amazon.com/dp/B0BQX6CPLS?tag=eloabder-20&linkCode=osi&th=1&psc=1"><img src="https://m.media-amazon.com/images/I/51OtuHOIJpL._SL500_.jpg" alt="Product Image"></a><p>Dry Stop Fire Spray by Prepared Hero - 8 Pack - Portable Fire Extinguisher for Home, Car, Garage, Kitchen - Works on Electrical, Grease, Battery Fires & More - Compact, Easy to Use</p><p>$143.99</p><a href="https://www.amazon.com/dp/B0BQX6CPLS?tag=eloabder-20&linkCode=osi&th=1&psc=1">View Product</a></div><div class="product"><a href="https://www.amazon.com/dp/B0BQX76B9K?tag=eloabder-20&linkCode=osi&th=1&psc=1"><img src="https://m.media-amazon.com/images/I/51iHCSuHw5L._SL500_.jpg" alt="Product Image"></a><p>Vapor Clean Fire Spray by Prepared Hero - 8 Pack - Portable Fire Extinguisher for Home, Car, Garage, Kitchen - Works on Electrical, Grease, Battery Fires & More - Compact, Easy to Use</p><p>$143.99</p><a href="https://www.amazon.com/dp/B0BQX76B9K?tag=eloabder-20&linkCode=osi&th=1&psc=1">View Product</a></div><div class="product"><a href="https://www.amazon.com/dp/B0C32NVZJZ?tag=eloabder-20&linkCode=osi&th=1&psc=1"><img src="https://m.media-amazon.com/images/I/61coxTM3mSL._SL500_.jpg" alt="Product Image"></a><p>Houandg Water-Based Fire Extinguisher- 2 Pack Portable Solution for All Fire Types in Homes, Vehicles, Kitchens - Prevents Re-Ignition</p><p>$33.98</p><a href="https://www.amazon.com/dp/B0C32NVZJZ?tag=eloabder-20&linkCode=osi&th=1&psc=1">View Product</a></div>
<div class="product"><a href="https://www.amazon.com/dp/B00L3W1OAO?tag=eloabder-20&linkCode=osi&th=1&psc=1"><img src="https://m.media-amazon.com/images/I/414uILMLuaL._SL500_.jpg" alt="Product Image"></a><p>Pro F/X Rubber Mask Grease Wheel - 1 Ounce - Trauma</p><p>$27.01</p><a href="https://www.amazon.com/dp/B00L3W1OAO?tag=eloabder-20&linkCode=osi&th=1&psc=1">View Product</a></div>
<div class="product"><a href="https://www.amazon.com/dp/B0CZ16SHCH?tag=eloabder-20&linkCode=osi&th=1&psc=1"><img src="https://m.media-amazon.com/images/I/31pYxaz4gYL._SL500_.jpg" alt="Product Image"></a><p>P & S PROFESSIONAL DETAIL PRODUCTS - Rehab - Paint Correction Creme Safe for All Paint Types and with Multiple pad Types - Easy-to-use-Formula Works at Any Stage of Paint Correction - 1 Quart</p><p>$56.95</p><a href="https://www.amazon.com/dp/B0CZ16SHCH?tag=eloabder-20&linkCode=osi&th=1&psc=1">View Product</a></div><div class="product"><a href="https://www.amazon.com/dp/B082BG8HLX?tag=eloabder-20&linkCode=osi&th=1&psc=1"><img src="https://m.media-amazon.com/images/I/31OAXbv7QFL._SL500_.jpg" alt="Product Image"></a><p>Lithium Auto Elixirs Color Crush- A rather intense approach to an Instant Detailer, Infused with color enhancing technology - Extremely Hydrophobic ingredients, long lasting Instant Detailer</p><p>$19.95 ($1.25 / Fl Oz)</p><a href="https://www.amazon.com/dp/B082BG8HLX?tag=eloabder-20&linkCode=osi&th=1&psc=1">View Product</a></div><div class="product"><a href="https://www.amazon.com/dp/B07MTPWZ76?tag=eloabder-20&linkCode=osi&th=1&psc=1"><img src="https://m.media-amazon.com/images/I/41v5yubrqoL._SL500_.jpg" alt="Product Image"></a><p>Lithium Seal and Squeal Paint Sealant/Polish - Incredible Shine and Lasting Protection - Curable Amino Functional Polymers Fused with Si02 Ceramic Nano Technology -Lasts for up to 12 Months (16 oz)</p><p>$39.99 ($2.50 / Ounce)</p><a href="https://www.amazon.com/dp/B07MTPWZ76?tag=eloabder-20&linkCode=osi&th=1&psc=1">View Product</a></div><div class="product"><a href="https://www.amazon.com/dp/B07MVNX377?tag=eloabder-20&linkCode=osi&th=1&psc=1"><img src="https://m.media-amazon.com/images/I/31gEqFf7rhL._SL500_.jpg" alt="Product Image"></a><p>Leather Love - The Best Leather Conditioner On The Planet, Brings Old Leather Back To Life, All Natural Ingredients Mixed With Serious Science, Restores, Rehydrates, Protects (8oz)</p><p>$28.99 ($3.62 / Ounce)</p><a href="https://www.amazon.com/dp/B07MVNX377?tag=eloabder-20&linkCode=osi&th=1&psc=1">View Product</a></div><div class="product"><a href="https://www.amazon.com/dp/B07MTQP514?tag=eloabder-20&linkCode=osi&th=1&psc=1"><img src="https://m.media-amazon.com/images/I/311IYwH-oaL._SL500_.jpg" alt="Product Image"></a><p>Trim Serum- Plastic Restorer- Restores Even the Most Damaged Plastic, Rubber and Vinyl, Last For Months, Penetrates Plastic Pores Restoring Color. (16 Oz)</p><p>$36.99</p><a href="https://www.amazon.com/dp/B07MTQP514?tag=eloabder-20&linkCode=osi&th=1&psc=1">View Product</a></div><div class="product"><a href="https://www.amazon.com/dp/B07236X7TS?tag=eloabder-20&linkCode=osi&th=1&psc=1"><img src="https://m.media-amazon.com/images/I/51-mgxYD9kL._SL500_.jpg" alt="Product Image"></a><p>Skidmore's Biker Edition Leather Cream | All Natural Formula Cleans, Conditions, and Protects your Motorcycle | Made in USA</p><p>$44.98</p><a href="https://www.amazon.com/dp/B07236X7TS?tag=eloabder-20&linkCode=osi&th=1&psc=1">View Product</a></div><div class="product"><a href="https://www.amazon.com/dp/B001CS6HH4?tag=eloabder-20&linkCode=osi&th=1&psc=1"><img src="https://m.media-amazon.com/images/I/41wY0SB+DWL._SL500_.jpg" alt="Product Image"></a><p>Fiebing's Yellow Saddle Soap for Leather (3.5 oz Tin) - Leather Cleaner & Conditioner to Soften, Protect & Restore Leathercraft - Leather Soap for Car Seat, Couch, Shoe, Purse, Boot, Bag, & Saddles</p><p>$7.15 ($2.04 / Ounce)</p><a href="https://www.amazon.com/dp/B001CS6HH4?tag=eloabder-20&linkCode=osi&th=1&psc=1">View Product</a></div><div class="product"><a href="https://www.amazon.com/dp/B08RHZ1BKD?tag=eloabder-20&linkCode=osi&th=1&psc=1"><img src="https://m.media-amazon.com/images/I/21WKh31c4tL._SL500_.jpg" alt="Product Image"></a><p>Lithium Ignite After Wash - Conditions and Shines Surfaces as You Dry. Streak-Free Hydrophobic Formula adds Lubrication to Stop Micro Scratching While Surfaces pop with Color.</p><p>$21.99 ($1.37 / Fl Oz)</p><a href="https://www.amazon.com/dp/B08RHZ1BKD?tag=eloabder-20&linkCode=osi&th=1&psc=1">View Product</a></div><div class="product"><a href="https://www.amazon.com/dp/B0003A1T3E?tag=eloabder-20&linkCode=osi&th=1&psc=1"><img src="https://m.media-amazon.com/images/I/41042PKJ1ZL._SL500_.jpg" alt="Product Image"></a><p>URAD One step All-In-One Leather conditioner 140g - NEUTRAL</p><p>$16.13</p><a href="https://www.amazon.com/dp/B0003A1T3E?tag=eloabder-20&linkCode=osi&th=1&psc=1">View Product</a></div>

<div class="product"><a href="https://www.amazon.com/dp/B0B3NFH3QY?tag=eloabder-20&linkCode=osi&th=1&psc=1"><img src="https://m.media-amazon.com/images/I/51sKVZnP-WL._SL500_.jpg" alt="Product Image"></a><p>Little Joe 96427-6PK I Love Hockey New Car Scent Red Car Air Freshener A/C Vent Clip Uses Alcohol-Free Fragrance Oil is Non-Hazardous and Non-Toxic Plastic, Pack of 6</p><p>$21.99 ($3.66 / Count)</p><a href="https://www.amazon.com/dp/B0B3NFH3QY?tag=eloabder-20&linkCode=osi&th=1&psc=1">View Product</a></div><div class="product"><a href="https://www.amazon.com/dp/B072275K82?tag=eloabder-20&linkCode=osi&th=1&psc=1"><img src="https://m.media-amazon.com/images/I/41wDnF6SiAL._SL500_.jpg" alt="Product Image"></a><p>Little Joe 96404-6PK Fruit Scent, Car Air Freshener, Clips to A/C Air Vent, Alcohol-Free Fragrance Oil, Non-Hazardous and Non-Toxic Plastic, Set of 6</p><p>$16.60 ($2.77 / Count)</p><a href="https://www.amazon.com/dp/B072275K82?tag=eloabder-20&linkCode=osi&th=1&psc=1">View Product</a></div><div class="product"><a href="https://www.amazon.com/dp/B0CQPQ2S4W?tag=eloabder-20&linkCode=osi&th=1&psc=1"><img src="https://m.media-amazon.com/images/I/31iRknmvjeL._SL500_.jpg" alt="Product Image"></a><p>Little Pup 96613 Blue Raspberry Slushy Scent Car Air Freshener A/C Vent Clip Uses Alcohol-Free Fragrance Oil is Non Hazardous and Non Toxic, Pack of 1</p><p>$3.94</p><a href="https://www.amazon.com/dp/B0CQPQ2S4W?tag=eloabder-20&linkCode=osi&th=1&psc=1">View Product</a></div><div class="product"><a href="https://www.amazon.com/dp/B0CQPNMTM4?tag=eloabder-20&linkCode=osi&th=1&psc=1"><img src="https://m.media-amazon.com/images/I/41eEovL+zML._SL500_.jpg" alt="Product Image"></a><p>Little Joe 96414-6PK Orange Creamsicle Scent Car Air Freshener A/C Vent Clip Uses Alcohol-Free Fragrance Oil is Non-Hazardous and Non-Toxic Plastic, Pack of 6</p><p>$25.99 ($4.33 / Count)</p><a href="https://www.amazon.com/dp/B0CQPNMTM4?tag=eloabder-20&linkCode=osi&th=1&psc=1">View Product</a></div><div class="product"><a href="https://www.amazon.com/dp/B0CH9KNNZN?tag=eloabder-20&linkCode=osi&th=1&psc=1"><img src="https://m.media-amazon.com/images/I/41jX66PGMTL._SL500_.jpg" alt="Product Image"></a><p>TAKAVU Clay Bars Auto Detailing 2 Pack X 100g, Premium Grade Material, Magic Clay Bar Cleaner for Cars, RV, Boat and Bus (Grey)</p><p>$9.99</p><a href="https://www.amazon.com/dp/B0CH9KNNZN?tag=eloabder-20&linkCode=osi&th=1&psc=1">View Product</a></div>

<div class="product"><a href="https://www.amazon.com/dp/B004UM6DLE?tag=eloabder-20&linkCode=osi&th=1&psc=1"><img src="https://m.media-amazon.com/images/I/314nawyx6sL._SL500_.jpg" alt="Product Image"></a><p>CARPRO IronX Iron Remover: Stops Rust Spots and Pre-Mature Failure of The Clear Coat, Iron Contaminant Removal - 500mL with Sprayer (17oz)</p><p>$26.78</p><a href="https://www.amazon.com/dp/B004UM6DLE?tag=eloabder-20&linkCode=osi&th=1&psc=1">View Product</a></div><div class="product"><a href="https://www.amazon.com/dp/B01HXZXO98?tag=eloabder-20&linkCode=osi&th=1&psc=1"><img src="https://m.media-amazon.com/images/I/41Ne9OfQGzL._SL500_.jpg" alt="Product Image"></a><p>Chemical Guys CWS80316 Clean Slate Deep Surface Cleaning Car Wash Soap (Removes Old Car Waxes, Glazes & Sealants for Superior Surface Prep), 16 fl oz, Citrus Scent</p><p>$11.99 ($0.75 / Fl Oz)</p><a href="https://www.amazon.com/dp/B01HXZXO98?tag=eloabder-20&linkCode=osi&th=1&psc=1">View Product</a></div><div class="product"><a href="https://www.amazon.com/dp/B07C39H9YX?tag=eloabder-20&linkCode=osi&th=1&psc=1"><img src="https://m.media-amazon.com/images/I/31yK3Vb5xWL._SL500_.jpg" alt="Product Image"></a><p>Adam's Polishes Iron Remover (16oz) - Iron Out Fallout Rust Remover Spray for Car Detailing | Remove Iron Particles in Car Paint, Motorcycle, RV & Boat | Use Before Clay Bar, Car Wax or Car Wash</p><p>$16.99</p><a href="https://www.amazon.com/dp/B07C39H9YX?tag=eloabder-20&linkCode=osi&th=1&psc=1">View Product</a></div><div class="product"><a href="https://www.amazon.com/dp/B0BTJ9DJM5?tag=eloabder-20&linkCode=osi&th=1&psc=1"><img src="https://m.media-amazon.com/images/I/41tNMqlDrxL._SL500_.jpg" alt="Product Image"></a><p>Torque Detail Decon Wash Pack - Decontamination Soap 8oz + Wash Mitt - Surface Strip Wash Car Shampoo - Highly Absorbent Microfiber Chenille Car Wash Mitt Safely Cleans Your Vehicles Entire Surface</p><p>$24.95 ($3.12 / Fl Oz)</p><a href="https://www.amazon.com/dp/B0BTJ9DJM5?tag=eloabder-20&linkCode=osi&th=1&psc=1">View Product</a></div><div class="product"><a href="https://www.amazon.com/dp/B013K5V9PQ?tag=eloabder-20&linkCode=osi&th=1&psc=1"><img src="https://m.media-amazon.com/images/I/41V3rm6NlZL._SL500_.jpg" alt="Product Image"></a><p>CARPRO PolyShave Decon Towel - Car Detailing Clay Decontamination Faster than Clay Bar, Clean & Release of Paint Contaminants and Glass - Increase Wax and Sealant Bond - 12" x 12" (1 Pack)</p><p>$39.97</p><a href="https://www.amazon.com/dp/B013K5V9PQ?tag=eloabder-20&linkCode=osi&th=1&psc=1">View Product</a></div><div class="product"><a href="https://www.amazon.com/dp/B0B788NBWG?tag=eloabder-20&linkCode=osi&th=1&psc=1"><img src="https://m.media-amazon.com/images/I/51NDfAOuEmL._SL500_.jpg" alt="Product Image"></a><p>P & S Professional Detail Products - Clay Decontamination Towel - Effective Cleaning & Release of Paint Contaminants; Increase Wax & Sealant Bond; Enhance Gloss & Depth of Color; Fine Grade-12" x 12"</p><p>$34.95</p><a href="https://www.amazon.com/dp/B0B788NBWG?tag=eloabder-20&linkCode=osi&th=1&psc=1">View Product</a></div><div class="product"><a href="https://www.amazon.com/dp/B0B27TFK69?tag=eloabder-20&linkCode=osi&th=1&psc=1"><img src="https://m.media-amazon.com/images/I/41zJPQIcqeL._SL500_.jpg" alt="Product Image"></a><p>The Rag Company - Ultra Clay Decontamination Mitt - Easy to Use; Effective Cleaning & Release of Paint Contaminants; Increase Wax & Sealant Bond; Enhance Gloss &Color Depth; Fine Grade (8.7"x5.7")</p><p>$34.95</p><a href="https://www.amazon.com/dp/B0B27TFK69?tag=eloabder-20&linkCode=osi&th=1&psc=1">View Product</a></div><div class="product"><a href="https://www.amazon.com/dp/B0C6XBN14N?tag=eloabder-20&linkCode=osi&th=1&psc=1"><img src="https://m.media-amazon.com/images/I/31BSavOJ89L._SL500_.jpg" alt="Product Image"></a><p>3D Iron Remover GLW Series | DIY Car Detailing | Hyper Effective Wheel Decontamination | Removes Iron Particles, Dirt, Brake Dust | Rapid Results | Ultimate Iron & Surface Contaminate Eliminator, 16oz</p><p>$17.99</p><a href="https://www.amazon.com/dp/B0C6XBN14N?tag=eloabder-20&linkCode=osi&th=1&psc=1">View Product</a></div>







<div class="product"><a href="https://www.amazon.com/dp/B0D2SPCW3G?tag=eloabder-20&linkCode=osi&th=1&psc=1"><img src="https://m.media-amazon.com/images/I/41JYIg6xqqL._SL500_.jpg" alt="Product Image"></a><p>Crankcase Ventilation Oil Separator with Gasket Compatible for 2008-2014 Volvo Mack D13 D16 MP8 Engine Replace 21122541 20499419</p><p>$155.99</p><a href="https://www.amazon.com/dp/B0D2SPCW3G?tag=eloabder-20&linkCode=osi&th=1&psc=1">View Product</a></div>

<div class="product"><a href="https://www.amazon.com/dp/B0C6M2FHGX?tag=eloabder-20&linkCode=osi&th=1&psc=1"><img src="https://m.media-amazon.com/images/I/21wWRrpHdbL._SL500_.jpg" alt="Product Image"></a><p>eMagTech 9PCS Warning Sign Please No Smoking Vaping Food Drink Stickers 110x50mm Self-Adhesive Vinyl Window Decal for Car Taxis Buses Minibuses</p><p>$9.49</p><a href="https://www.amazon.com/dp/B0C6M2FHGX?tag=eloabder-20&linkCode=osi&th=1&psc=1">View Product</a></div>

Aucun résultat trouvé.

<div class="product"><a href="https://www.amazon.com/dp/B0CVWZZMRY?tag=eloabder-20&linkCode=osi&th=1&psc=1"><img src="https://m.media-amazon.com/images/I/512y-1GwQNL._SL500_.jpg" alt="Product Image"></a><p>Jewkot 4 PCS Car Wiper Strip, 28" Boneless Structure Car Windshield Cleaning Wiper Strip, DIY Length Auxiliary Cleaning Replacement Accessory, Suitable for Most Cars, Vans, Trucks, Buses (Black)</p><p>$5.58</p><a href="https://www.amazon.com/dp/B0CVWZZMRY?tag=eloabder-20&linkCode=osi&th=1&psc=1">View Product</a></div>
<div class="product"><a href="https://www.amazon.com/dp/B07L3VQC6W?tag=eloabder-20&linkCode=osi&th=1&psc=1"><img src="https://m.media-amazon.com/images/I/41GebP+2HYL._SL500_.jpg" alt="Product Image"></a><p>BRISA VW Collection Volkswagen Air Freshener, Room Freshener, Deodorizer for Cars T1 Bus Campervan Motif (Citrus/Yellow/Set of 2)</p><p>$13.90 ($6.95 / Count)</p><a href="https://www.amazon.com/dp/B07L3VQC6W?tag=eloabder-20&linkCode=osi&th=1&psc=1">View Product</a></div><div class="product"><a href="https://www.amazon.com/dp/B07L3V86JS?tag=eloabder-20&linkCode=osi&th=1&psc=1"><img src="https://m.media-amazon.com/images/I/41TblWhKhQL._SL500_.jpg" alt="Product Image"></a><p>BRISA VW Collection Volkswagen Air Freshener, Room Freshener, Deodorizer for Cars T1 Bus Campervan Motif (New Car/Green/Set of 2)</p><p>$13.90 ($6.95 / Count)</p><a href="https://www.amazon.com/dp/B07L3V86JS?tag=eloabder-20&linkCode=osi&th=1&psc=1">View Product</a></div>


Aucun résultat trouvé.










<div class="product"><a href="https://www.amazon.com/dp/B099HL5SV2?tag=eloabder-20&linkCode=osi&th=1&psc=1"><img src="https://m.media-amazon.com/images/I/31kcR8HnylL._SL500_.jpg" alt="Product Image"></a><p>Philips GoPure GP5212 High Performance HEPA Air Purifier for Car, Removes up to 100 Pollutants, Exhaust Fumes, VOCs, Smoke, Bad Odors, Bacteria and Viruses</p><p>$77.59</p><a href="https://www.amazon.com/dp/B099HL5SV2?tag=eloabder-20&linkCode=osi&th=1&psc=1">View Product</a></div><div class="product"><a href="https://www.amazon.com/dp/B07TB419F7?tag=eloabder-20&linkCode=osi&th=1&psc=1"><img src="https://m.media-amazon.com/images/I/41l9XK-u-eL._SL500_.jpg" alt="Product Image"></a><p>Enoch Ionic Car Air Purifier with Dual USB Car Charger. Car Air Freshener Eliminates Odor, Dust. Removes Smoke, Pet and Food Odor. Ionic Ozone Car Deodorizer (Matt Black)</p><p>$24.50</p><a href="https://www.amazon.com/dp/B07TB419F7?tag=eloabder-20&linkCode=osi&th=1&psc=1">View Product</a></div><div class="product"><a href="https://www.amazon.com/dp/B08C9LKKMM?tag=eloabder-20&linkCode=osi&th=1&psc=1"><img src="https://m.media-amazon.com/images/I/41uJDRzxfrL._SL500_.jpg" alt="Product Image"></a><p>4WDKING Car Air Purifier Ionizer, 12V Plug-in Car Air Freshener Gadgets with Dual USB Charger Removes Cigarette Smoke, Pet and Food Odor, Ionic Ozone (Black)</p><p>$22.99</p><a href="https://www.amazon.com/dp/B08C9LKKMM?tag=eloabder-20&linkCode=osi&th=1&psc=1">View Product</a></div><div class="product"><a href="https://www.amazon.com/dp/B07C7D366L?tag=eloabder-20&linkCode=osi&th=1&psc=1"><img src="https://m.media-amazon.com/images/I/51GvjMcOskL._SL500_.jpg" alt="Product Image"></a><p>Car Air Purifier Ionizer - 12V Plug-in Ionic Anti-Microbial Car Deodorizer with Dual USB Charger - Smoke Smell, Pet and Food Odors, Allergens, Viruses Eliminator for Car (Matte Silver)</p><p>$24.99</p><a href="https://www.amazon.com/dp/B07C7D366L?tag=eloabder-20&linkCode=osi&th=1&psc=1">View Product</a></div><div class="product"><a href="https://www.amazon.com/dp/B086H3FW7T?tag=eloabder-20&linkCode=osi&th=1&psc=1"><img src="https://m.media-amazon.com/images/I/51FfQTz4koL._SL500_.jpg" alt="Product Image"></a><p>bmbu 1000g Large Bamboo Charcoal Air Purifier Bag - Car Deodorizer/Car Freshener - Remove Odor and Control Moisture in Your RV, Camper, SUV, Car, Truck, Closet, Mobile Home, Storage - Non Fragrant</p><p>$22.99 ($0.65 / Ounce)</p><a href="https://www.amazon.com/dp/B086H3FW7T?tag=eloabder-20&linkCode=osi&th=1&psc=1">View Product</a></div><div class="product"><a href="https://www.amazon.com/dp/B019NXUJ5K?tag=eloabder-20&linkCode=osi&th=1&psc=1"><img src="https://m.media-amazon.com/images/I/31grLw6pdUL._SL500_.jpg" alt="Product Image"></a><p>PURGGO Car Air Freshener - Lasts 365+ Days No Chemicals 100% Activated Bamboo Charcoal Fragrance-Free Deodorizer, Natural Auto Odor Eliminator, Purifier, Neutralizer, Absorb Smoke Smell</p><p>$25.99</p><a href="https://www.amazon.com/dp/B019NXUJ5K?tag=eloabder-20&linkCode=osi&th=1&psc=1">View Product</a></div><div class="product"><a href="https://www.amazon.com/dp/B0CT5TBKH5?tag=eloabder-20&linkCode=osi&th=1&psc=1"><img src="https://m.media-amazon.com/images/I/41UB7n6FuwL._SL500_.jpg" alt="Product Image"></a><p>Timgle 1 Pack Car Air Freshener, Lasts 365+ Days, No Chemicals 100% Activated Bamboo Charcoal Fragrance, Free Deodorizer, Natural Auto Odor Eliminator, Purifier, Neutralizer (Khaki Strap)</p><p>$10.99</p><a href="https://www.amazon.com/dp/B0CT5TBKH5?tag=eloabder-20&linkCode=osi&th=1&psc=1">View Product</a></div><div class="product"><a href="https://www.amazon.com/dp/B00V4049K2?tag=eloabder-20&linkCode=osi&th=1&psc=1"><img src="https://m.media-amazon.com/images/I/51rLLMGOc6L._SL500_.jpg" alt="Product Image"></a><p>PURGGO Car Air Freshener - Auto Odor Eliminator - 100% Activated Bamboo Charcoal Air Purifier, Ionizer - Absorb and Remove Smoke Smell - Fragrance-Free Deodorizer - Lasts 365+ Days [Classic Beige]</p><p>$25.99</p><a href="https://www.amazon.com/dp/B00V4049K2?tag=eloabder-20&linkCode=osi&th=1&psc=1">View Product</a></div>








<div class="product"><a href="https://www.amazon.com/dp/B00RYGK12K?tag=eloabder-20&linkCode=osi&th=1&psc=1"><img src="https://m.media-amazon.com/images/I/51RdEyCkvuL._SL500_.jpg" alt="Product Image"></a><p>Little Trees Cardboard Hanging Car, Home & Office Air Freshener, Summer Linen (Pack of 12)</p><p>$11.82 ($0.98 / Count)</p><a href="https://www.amazon.com/dp/B00RYGK12K?tag=eloabder-20&linkCode=osi&th=1&psc=1">View Product</a></div><div class="product"><a href="https://www.amazon.com/dp/B00LM54ZD0?tag=eloabder-20&linkCode=osi&th=1&psc=1"><img src="https://m.media-amazon.com/images/I/41YuRNweefL._SL500_.jpg" alt="Product Image"></a><p>LITTLE TREES Air Fresheners Car Air Freshener. Hanging Tree Provides Long Lasting Scent for Auto or Home. Black Ice, 24 Air Fresheners</p><p>$20.19 ($0.84 / Count)</p><a href="https://www.amazon.com/dp/B00LM54ZD0?tag=eloabder-20&linkCode=osi&th=1&psc=1">View Product</a></div><div class="product"><a href="https://www.amazon.com/dp/B09BB4V1Y8?tag=eloabder-20&linkCode=osi&th=1&psc=1"><img src="https://m.media-amazon.com/images/I/51AKMdDLO-L._SL500_.jpg" alt="Product Image"></a><p>DRIVEJOY Car Air Freshener Vent Clips, 8 PK, 6 Ocean, 2 New Car Scent, Car Fresheners for Men Women, Up to 240 Days, Long Lasting Air Freshener for Car, Odor Eliminator</p><p>$9.98 ($9.60 / Fl Oz)</p><a href="https://www.amazon.com/dp/B09BB4V1Y8?tag=eloabder-20&linkCode=osi&th=1&psc=1">View Product</a></div><div class="product"><a href="https://www.amazon.com/dp/B078JWRLYT?tag=eloabder-20&linkCode=osi&th=1&psc=1"><img src="https://m.media-amazon.com/images/I/41shbIl-LEL._SL500_.jpg" alt="Product Image"></a><p>California Scents Air Freshener 4-Pack Car Air Freshener (Coronado Cherry)</p><p>$12.88 ($2.15 / Ounce)</p><a href="https://www.amazon.com/dp/B078JWRLYT?tag=eloabder-20&linkCode=osi&th=1&psc=1">View Product</a></div><div class="product"><a href="https://www.amazon.com/dp/B0CW4CJWW9?tag=eloabder-20&linkCode=osi&th=1&psc=1"><img src="https://m.media-amazon.com/images/I/417lKQ0MXPL._SL500_.jpg" alt="Product Image"></a><p>Karma, Essential Oil Air Freshener for Cars Set of 2, Home & Office - Colorful Decorative Hanging Air Freshener with Tassel, Buttercup Vanilla Scented</p><p>$8.40 ($4.20 / Count)</p><a href="https://www.amazon.com/dp/B0CW4CJWW9?tag=eloabder-20&linkCode=osi&th=1&psc=1">View Product</a></div><div class="product"><a href="https://www.amazon.com/dp/B00AYCXL2I?tag=eloabder-20&linkCode=osi&th=1&psc=1"><img src="https://m.media-amazon.com/images/I/5165h10nKbL._SL500_.jpg" alt="Product Image"></a><p>Febreze Car Air Fresheners, New Car Scent, Odor Eliminator for Strong Odors Car Vent Clips (2 Count)</p><p>$9.98 ($4.99 / Count)</p><a href="https://www.amazon.com/dp/B00AYCXL2I?tag=eloabder-20&linkCode=osi&th=1&psc=1">View Product</a></div><div class="product"><a href="https://www.amazon.com/dp/B01LZ0N1MJ?tag=eloabder-20&linkCode=osi&th=1&psc=1"><img src="https://m.media-amazon.com/images/I/41J5LJGof9L._SL500_.jpg" alt="Product Image"></a><p>LITTLE TREES Car Air Freshener | Hanging Paper Tree for Home or Car | New Car Scent | 12 Pack</p><p>$11.70 ($0.98 / Count)</p><a href="https://www.amazon.com/dp/B01LZ0N1MJ?tag=eloabder-20&linkCode=osi&th=1&psc=1">View Product</a></div><div class="product"><a href="https://www.amazon.com/dp/B0C2Q2VGPZ?tag=eloabder-20&linkCode=osi&th=1&psc=1"><img src="https://m.media-amazon.com/images/I/413gckSL1EL._SL500_.jpg" alt="Product Image"></a><p>Savage Disposable Card Freshener for Men | Car Scents Air Freshener with Sauvage Fragrance | Strong Car Perfume Air Freshener with Odour Eliminating Technology | Suvage by Perfa</p><p>$6.99</p><a href="https://www.amazon.com/dp/B0C2Q2VGPZ?tag=eloabder-20&linkCode=osi&th=1&psc=1">View Product</a></div>




<div class="product"><a href="https://www.amazon.com/dp/B06WVL7YSG?tag=eloabder-20&linkCode=osi&th=1&psc=1"><img src="https://m.media-amazon.com/images/I/51fO0NuM6nL._SL500_.jpg" alt="Product Image"></a><p>Meguiar's Quik Scratch Eraser Kit, Car Scratch Remover for Repairing Surface Blemishes, Car Care Kit with ScratchX, Drill-Mounted Pad, and Microfiber Towel, 3 Count</p><p>$17.97</p><a href="https://www.amazon.com/dp/B06WVL7YSG?tag=eloabder-20&linkCode=osi&th=1&psc=1">View Product</a></div><div class="product"><a href="https://www.amazon.com/dp/B00P67GSRG?tag=eloabder-20&linkCode=osi&th=1&psc=1"><img src="https://m.media-amazon.com/images/I/41R-vt8tcnL._SL500_.jpg" alt="Product Image"></a><p>Chemical Guys GAP_VKIT_16 V Line Polish and Compound Kit For Light to Heavy Swirls & Scratches (Safe for Cars, Trucks, SUVs, RVs, Motorcycles, & More) 4 - 16 fl oz Items</p><p>$69.99</p><a href="https://www.amazon.com/dp/B00P67GSRG?tag=eloabder-20&linkCode=osi&th=1&psc=1">View Product</a></div>
<div class="product"><a href="https://www.amazon.com/dp/B0BQ1CPLSQ?tag=eloabder-20&linkCode=osi&th=1&psc=1"><img src="https://m.media-amazon.com/images/I/41ikSNNgp5L._SL500_.jpg" alt="Product Image"></a><p>PROPER DETAILING CO. Car Detailing Kit Interior Cleaner, Get Professional Results - Car Interior Cleaning Kit includes 16 oz. interior cleaner, premium boars hair detail brush, and 2 microfiber towels</p><p>$23.99</p><a href="https://www.amazon.com/dp/B0BQ1CPLSQ?tag=eloabder-20&linkCode=osi&th=1&psc=1">View Product</a></div>



<div class="product"><a href="https://www.amazon.com/dp/B0D464228M?tag=eloabder-20&linkCode=osi&th=1&psc=1"><img src="https://m.media-amazon.com/images/I/315VtBe9l-L._SL500_.jpg" alt="Product Image"></a><p>Drift Car Air Freshener - Wood Air Freshener - Car Odor Eliminator - Open Air Scent Starter Kit</p><p>$11.95</p><a href="https://www.amazon.com/dp/B0D464228M?tag=eloabder-20&linkCode=osi&th=1&psc=1">View Product</a></div>
<div class="product"><a href="https://www.amazon.com/dp/B071HR14SJ?tag=eloabder-20&linkCode=osi&th=1&psc=1"><img src="https://m.media-amazon.com/images/I/41crypCefDL._SL500_.jpg" alt="Product Image"></a><p>Meguiar's Gold Class Car Wash Soap, Ultra-Rich Car Wash Soap and Conditioner for Car Cleaning, Car Wash Soap to Clean and Condition in One Easy Step, 1 Gallon Car Wash Soap</p><p>$24.99 ($0.20 / Ounce)</p><a href="https://www.amazon.com/dp/B071HR14SJ?tag=eloabder-20&linkCode=osi&th=1&psc=1">View Product</a></div><div class="product"><a href="https://www.amazon.com/dp/B085R9L9Q9?tag=eloabder-20&linkCode=osi&th=1&psc=1"><img src="https://m.media-amazon.com/images/I/41tAv1FNbZL._SL500_.jpg" alt="Product Image"></a><p>Armor All Extreme Shield Protectant Spray , Interior Car Cleaner with UV Protection Against Cracking and Fading, 16 Fl Oz</p><p>$8.98 ($0.56 / Fl Oz)</p><a href="https://www.amazon.com/dp/B085R9L9Q9?tag=eloabder-20&linkCode=osi&th=1&psc=1">View Product</a></div><div class="product"><a href="https://www.amazon.com/dp/B016NA9Y4S?tag=eloabder-20&linkCode=osi&th=1&psc=1"><img src="https://m.media-amazon.com/images/I/31oz8VJFdjL._SL500_.jpg" alt="Product Image"></a><p>Rain-X 5079281-2 Latitude 2-In-1 Wiper Blades, 26 Inch Windshield Wipers (Pack Of 1), Automotive Replacement Windshield Wiper Blades With Patented Rain-X Water Repellency Formula</p><p>$17.08</p><a href="https://www.amazon.com/dp/B016NA9Y4S?tag=eloabder-20&linkCode=osi&th=1&psc=1">View Product</a></div><div class="product"><a href="https://www.amazon.com/dp/B0D2PCCJVK?tag=eloabder-20&linkCode=osi&th=1&psc=1"><img src="https://m.media-amazon.com/images/I/41BFT-c3a9L._SL500_.jpg" alt="Product Image"></a><p>HoogaLife Car Air Freshener Diffuser – Revitalize Your Drive with Hanging Air Freshener Diffuser Aromatic Bliss On The Go(VANILLA CREAM)</p><p>$12.99 ($24.06 / Fl Oz)</p><a href="https://www.amazon.com/dp/B0D2PCCJVK?tag=eloabder-20&linkCode=osi&th=1&psc=1">View Product</a></div><div class="product"><a href="https://www.amazon.com/dp/B0D17SKCLF?tag=eloabder-20&linkCode=osi&th=1&psc=1"><img src="https://m.media-amazon.com/images/I/51VjaK8JNmL._SL500_.jpg" alt="Product Image"></a><p>AIDEA Car Wash Mitt Microfiber, 1PK-Scratch-Free& Lint-Free, Premium Chenille Microfiber Wash Mitt-Green Regular Size (7.12''X10.14'')</p><p>$5.99</p><a href="https://www.amazon.com/dp/B0D17SKCLF?tag=eloabder-20&linkCode=osi&th=1&psc=1">View Product</a></div>








<div class="product"><a href="https://www.amazon.com/dp/B00UZE8D00?tag=eloabder-20&linkCode=osi&th=1&psc=1"><img src="https://m.media-amazon.com/images/I/517VVkgvgcL._SL500_.jpg" alt="Product Image"></a><p>Chemical Guys HOL_996 Convertible Top Cleaner and Protectant Kit, 16 oz, 2 Items</p><p>$29.99</p><a href="https://www.amazon.com/dp/B00UZE8D00?tag=eloabder-20&linkCode=osi&th=1&psc=1">View Product</a></div><div class="product"><a href="https://www.amazon.com/dp/B004HCS4NW?tag=eloabder-20&linkCode=osi&th=1&psc=1"><img src="https://m.media-amazon.com/images/I/41j5b6xRqNL._SL500_.jpg" alt="Product Image"></a><p>Meguiar's Convertible Top Cleaner - Fabric Convertible Top Cleaner and Vinyl Convertible Top Cleaner in One Advanced Formula - Safely Removes Stains, Mildew, Bird Droppings, and More, 16 Oz</p><p>$6.87 ($0.43 / Ounce)</p><a href="https://www.amazon.com/dp/B004HCS4NW?tag=eloabder-20&linkCode=osi&th=1&psc=1">View Product</a></div><div class="product"><a href="https://www.amazon.com/dp/B00UZE80N0?tag=eloabder-20&linkCode=osi&th=1&psc=1"><img src="https://m.media-amazon.com/images/I/31FG83SK9SL._SL500_.jpg" alt="Product Image"></a><p>Chemical Guys SPI_193_16 Convertible Top Protectant and Repellent, (Helps Prevent Fading & Discoloration on Fabric Sot Tops) 16 fl oz (Packaging May Vary)</p><p>$19.99 ($1.25 / Fl Oz)</p><a href="https://www.amazon.com/dp/B00UZE80N0?tag=eloabder-20&linkCode=osi&th=1&psc=1">View Product</a></div><div class="product"><a href="https://www.amazon.com/dp/B00UZE8C1A?tag=eloabder-20&linkCode=osi&th=1&psc=1"><img src="https://m.media-amazon.com/images/I/31aLnXKZxfL._SL500_.jpg" alt="Product Image"></a><p>Chemical Guys ACC_S94 Convertible Top Horse Hair Cleaning Brush, Safe for Cloth Soft Tops, Upholstery, Leather, Furniture, & More</p><p>$14.99</p><a href="https://www.amazon.com/dp/B00UZE8C1A?tag=eloabder-20&linkCode=osi&th=1&psc=1">View Product</a></div><div class="product"><a href="https://www.amazon.com/dp/B000A8JNF0?tag=eloabder-20&linkCode=osi&th=1&psc=1"><img src="https://m.media-amazon.com/images/I/51PLChiVIrL._SL500_.jpg" alt="Product Image"></a><p>303 Products Convertible Fabric Top Cleaning and Care Kit - Cleans And Protects Fabric Tops - Includes Tonneau Cover And Convertible Top Cleaner 16 fl. oz. + Fabric Guard, (30520)</p><p>$32.79 ($1.02 / Fl Oz)</p><a href="https://www.amazon.com/dp/B000A8JNF0?tag=eloabder-20&linkCode=osi&th=1&psc=1">View Product</a></div>
<div class="product"><a href="https://www.amazon.com/dp/B0BCQ1XMWV?tag=eloabder-20&linkCode=osi&th=1&psc=1"><img src="https://m.media-amazon.com/images/I/41lV6Au-S9L._SL500_.jpg" alt="Product Image"></a><p>EMITHSUN® Windshield Wiper Blades Replacement for Honda Civic Coupe 2 Door 2005-2011,That Meet OEM Quality Front Wipers Blade Set for My Car-28"+24"(Set of 2)</p><p>$19.99</p><a href="https://www.amazon.com/dp/B0BCQ1XMWV?tag=eloabder-20&linkCode=osi&th=1&psc=1">View Product</a></div>
<div class="product"><a href="https://www.amazon.com/dp/B00I8ITVZG?tag=eloabder-20&linkCode=osi&th=1&psc=1"><img src="https://m.media-amazon.com/images/I/41TXd564pcL._SL500_.jpg" alt="Product Image"></a><p>ECOGARD XC36067 Premium Cabin Air Filter Fits Hyundai Genesis 2009-2016, Equus 2011-2016 | Genesis G80 2017-2021, G90 2019-2021, GV80 2021 | Kia K900 2020</p><p>$10.98</p><a href="https://www.amazon.com/dp/B00I8ITVZG?tag=eloabder-20&linkCode=osi&th=1&psc=1">View Product</a></div>

<div class="product"><a href="https://www.amazon.com/dp/B097C3NCP1?tag=eloabder-20&linkCode=osi&th=1&psc=1"><img src="https://m.media-amazon.com/images/I/41GXST2+s6L._SL500_.jpg" alt="Product Image"></a><p>Raidbee 12 inch Rear Wiper Blade Replacement for Toyota Corolla Hatchback 2022-2019, Nissan Versa 2019-2014 Back Windshield Wiper (H306/12-B)</p><p>$6.99</p><a href="https://www.amazon.com/dp/B097C3NCP1?tag=eloabder-20&linkCode=osi&th=1&psc=1">View Product</a></div>



<div class="product"><a href="https://www.amazon.com/dp/B0CQ4MLKHJ?tag=eloabder-20&linkCode=osi&th=1&psc=1"><img src="https://m.media-amazon.com/images/I/519f8covwQL._SL500_.jpg" alt="Product Image"></a><p>Feetiger All-in-1 Fire Extinguisher for Home, Kitchen, Car, Garage, RV, Truck, Boat, Camping, Fire Spray that Tackles Multiple Types of Fire, 2pack</p><p>$39.99</p><a href="https://www.amazon.com/dp/B0CQ4MLKHJ?tag=eloabder-20&linkCode=osi&th=1&psc=1">View Product</a></div>
<div class="product"><a href="https://www.amazon.com/dp/B07TS4JV6H?tag=eloabder-20&linkCode=osi&th=1&psc=1"><img src="https://m.media-amazon.com/images/I/412htpDd6fL._SL500_.jpg" alt="Product Image"></a><p>Police Flag Air Freshener, New Car Scent, 6-Pack</p><p>$9.99 ($1.66 / Count)</p><a href="https://www.amazon.com/dp/B07TS4JV6H?tag=eloabder-20&linkCode=osi&th=1&psc=1">View Product</a></div>


<div class="product"><a href="https://www.amazon.com/dp/B009EU5ZNO?tag=eloabder-20&linkCode=osi&th=1&psc=1"><img src="https://m.media-amazon.com/images/I/515MJLZbnoL._SL500_.jpg" alt="Product Image"></a><p>J-B Weld 50133 Plastic Bonder Structural Adhesive Syringe - Tan - 25 ml</p><p>$6.98 ($8.21 / Fl Oz)</p><a href="https://www.amazon.com/dp/B009EU5ZNO?tag=eloabder-20&linkCode=osi&th=1&psc=1">View Product</a></div>



<div class="product"><a href="https://www.amazon.com/dp/B09P6YZP72?tag=eloabder-20&linkCode=osi&th=1&psc=1"><img src="https://m.media-amazon.com/images/I/416rlvu+ayL._SL500_.jpg" alt="Product Image"></a><p>AUTOBOO 26"+20" Windshield Wipers with 16" Rear Wiper Blade Replacement for Dodge Grand Caravan 2008-2012 2013 2014 2015 2016 2017 2018 2019 -Original Factory Quality (Pack of 3)</p><p>$23.99</p><a href="https://www.amazon.com/dp/B09P6YZP72?tag=eloabder-20&linkCode=osi&th=1&psc=1">View Product</a></div><div class="product"><a href="https://www.amazon.com/dp/B0BLYQBDS8?tag=eloabder-20&linkCode=osi&th=1&psc=1"><img src="https://m.media-amazon.com/images/I/51SbpSR2zBL._SL500_.jpg" alt="Product Image"></a><p>A-Premium Engine Air Filter Compatible with Chrysler Town & Country & Dodge Grand Caravan & Ram C/V & Volkswagen Routan, 2011-2020, Flexible Panel, Replace# 4861737AA</p><p>$12.99</p><a href="https://www.amazon.com/dp/B0BLYQBDS8?tag=eloabder-20&linkCode=osi&th=1&psc=1">View Product</a></div>
<div class="product"><a href="https://www.amazon.com/dp/B001FCB4JS?tag=eloabder-20&linkCode=osi&th=1&psc=1"><img src="https://m.media-amazon.com/images/I/21wq6fxqiVL._SL500_.jpg" alt="Product Image"></a><p>Dicor BT-1834-1 Butyl Seal Tape - 1/8" x 3/4" x 30' Repair Tape for RV, Trailer, Motorhome, Window, and Vent Sealing</p><p>$13.15 ($0.44 / Foot)</p><a href="https://www.amazon.com/dp/B001FCB4JS?tag=eloabder-20&linkCode=osi&th=1&psc=1">View Product</a></div>
<div class="product"><a href="https://www.amazon.com/dp/B000BUQOD6?tag=eloabder-20&linkCode=osi&th=1&psc=1"><img src="https://m.media-amazon.com/images/I/41O0CoP1L3L._SL500_.jpg" alt="Product Image"></a><p>Camco Camper/RV Toilet Paper | Sewer-Safe, Septic-Safe & Biodegradable | Designed for Camper, Trailer & Marine Sanitation Systems | 1-Ply Tissue | 4 Toilet Paper Rolls – 280 Sheets per Roll (40275)</p><p>$5.99 ($2.14 / 100 Sheets)</p><a href="https://www.amazon.com/dp/B000BUQOD6?tag=eloabder-20&linkCode=osi&th=1&psc=1">View Product</a></div><div class="product"><a href="https://www.amazon.com/dp/B007JG1W1E?tag=eloabder-20&linkCode=osi&th=1&psc=1"><img src="https://m.media-amazon.com/images/I/41i-j99E9ML._SL500_.jpg" alt="Product Image"></a><p>Camco TST Camper / RV Grey Water Odor Control - Removes Grease Buildup in Gray Water Tank, Sink & Shower Drains - 4oz Treats 40-Gal Holding Tank - Safe Septic Tank Treatment - Lemon, 64 oz (40256)</p><p>$19.94 ($0.31 / Fl Oz)</p><a href="https://www.amazon.com/dp/B007JG1W1E?tag=eloabder-20&linkCode=osi&th=1&psc=1">View Product</a></div><div class="product"><a href="https://www.amazon.com/dp/B016V2OSD0?tag=eloabder-20&linkCode=osi&th=1&psc=1"><img src="https://m.media-amazon.com/images/I/31Jm99RYVXL._SL500_.jpg" alt="Product Image"></a><p>Camco TST MAX RV Toilet Treatment Drop-INs | Control Unwanted Odors and Break Down Waste and Tissue | Septic Tank Safe | Lavender Scent | 15-pack (41559)</p><p>$11.97 ($0.80 / Count)</p><a href="https://www.amazon.com/dp/B016V2OSD0?tag=eloabder-20&linkCode=osi&th=1&psc=1">View Product</a></div>






<div class="product"><a href="https://www.amazon.com/dp/B006GJYOL0?tag=eloabder-20&linkCode=osi&th=1&psc=1"><img src="https://m.media-amazon.com/images/I/41YPjiCzDfL._SL500_.jpg" alt="Product Image"></a><p>Boat Bling HS-0128 Hot Sauce Hard Water Spot Remover, Gallon Refill, for Boats, RVs, Powersport Vehicles and More, Black,1 Gallon</p><p>$54.95 ($0.43 / Fl Oz)</p><a href="https://www.amazon.com/dp/B006GJYOL0?tag=eloabder-20&linkCode=osi&th=1&psc=1">View Product</a></div><div class="product"><a href="https://www.amazon.com/dp/B0000AXVCB?tag=eloabder-20&linkCode=osi&th=1&psc=1"><img src="https://m.media-amazon.com/images/I/51gtsDb7zDL._SL500_.jpg" alt="Product Image"></a><p>Meguiar's M4364 Marine/RV Boat Wash - 64 Oz Container</p><p>$13.99 ($0.22 / Fl Oz)</p><a href="https://www.amazon.com/dp/B0000AXVCB?tag=eloabder-20&linkCode=osi&th=1&psc=1">View Product</a></div><div class="product"><a href="https://www.amazon.com/dp/B0007TR47G?tag=eloabder-20&linkCode=osi&th=1&psc=1"><img src="https://m.media-amazon.com/images/I/41Q4SzlVojL._SL500_.jpg" alt="Product Image"></a><p>Meguiar's Flagship Premium Marine Wax, Boat Polish and Oxidation Remover - 32 Oz Bottle</p><p>$21.49</p><a href="https://www.amazon.com/dp/B0007TR47G?tag=eloabder-20&linkCode=osi&th=1&psc=1">View Product</a></div><div class="product"><a href="https://www.amazon.com/dp/B006GJYLFY?tag=eloabder-20&linkCode=osi&th=1&psc=1"><img src="https://m.media-amazon.com/images/I/31G78TSjssL._SL500_.jpg" alt="Product Image"></a><p>Boat Bling Condition Sauce Premium Interior Moisturizer w/UV Protection, 32 oz.</p><p>$27.95</p><a href="https://www.amazon.com/dp/B006GJYLFY?tag=eloabder-20&linkCode=osi&th=1&psc=1">View Product</a></div><div class="product"><a href="https://www.amazon.com/dp/B006GJYKWI?tag=eloabder-20&linkCode=osi&th=1&psc=1"><img src="https://m.media-amazon.com/images/I/41AcDanNz-L._SL500_.jpg" alt="Product Image"></a><p>Boat Bling VS-0032 Vinyl Sauce Premium Vinyl and Leather Cleaner, 32 Oz., for Boats, RVs, Powersport Vehicles and More</p><p>$22.95 ($0.72 / Fl Oz)</p><a href="https://www.amazon.com/dp/B006GJYKWI?tag=eloabder-20&linkCode=osi&th=1&psc=1">View Product</a></div>
<div class="product"><a href="https://www.amazon.com/dp/B004OJTEKK?tag=eloabder-20&linkCode=osi&th=1&psc=1"><img src="https://m.media-amazon.com/images/I/41q8kkNiKOL._SL500_.jpg" alt="Product Image"></a><p>Shurhold Yacht Brite YBP-0302 Brite Wash - 1 Gallon</p><p>$23.97 ($0.19 / Fl Oz)</p><a href="https://www.amazon.com/dp/B004OJTEKK?tag=eloabder-20&linkCode=osi&th=1&psc=1">View Product</a></div>




<div class="product"><a href="https://www.amazon.com/dp/B0B2RDZNZB?tag=eloabder-20&linkCode=osi&th=1&psc=1"><img src="https://m.media-amazon.com/images/I/51RVSUoRuGL._SL500_.jpg" alt="Product Image"></a><p>Fancemot Helicopter Car Air Fresheners Rotating Solar Car Fresheners Airplane Car Perfume (Osmanthus & Vanilla)</p><p>$14.08</p><a href="https://www.amazon.com/dp/B0B2RDZNZB?tag=eloabder-20&linkCode=osi&th=1&psc=1">View Product</a></div><div class="product"><a href="https://www.amazon.com/dp/B0994PG1ZD?tag=eloabder-20&linkCode=osi&th=1&psc=1"><img src="https://m.media-amazon.com/images/I/413er0A8cVS._SL500_.jpg" alt="Product Image"></a><p>NICEADA Car Air Freshener, Helicopter Solar Energy Rotating Aromatherapy Aviation Al Alloy Diffuser, Interior Decoration Accessories Diffuser for Car and Home (Silver)</p><p>$23.99</p><a href="https://www.amazon.com/dp/B0994PG1ZD?tag=eloabder-20&linkCode=osi&th=1&psc=1">View Product</a></div><div class="product"><a href="https://www.amazon.com/dp/B09ZTMZKSJ?tag=eloabder-20&linkCode=osi&th=1&psc=1"><img src="https://m.media-amazon.com/images/I/41rz5PydC9L._SL500_.jpg" alt="Product Image"></a><p>Air Freshener, Gigicloud Car Fragrance Diffuser Solar Rotating Automotive Air Fresheners Ornament Helicopter Shape Solid Aromatherapy Decoration for Car and Home (Black)</p><p>$15.49</p><a href="https://www.amazon.com/dp/B09ZTMZKSJ?tag=eloabder-20&linkCode=osi&th=1&psc=1">View Product</a></div><div class="product"><a href="https://www.amazon.com/dp/B0CWNNPCD3?tag=eloabder-20&linkCode=osi&th=1&psc=1"><img src="https://m.media-amazon.com/images/I/51nznnJJhfL._SL500_.jpg" alt="Product Image"></a><p>Car Air Freshener Diffuser, KaiDengZhe 1PCS Helicopter Solar Energy Rotating Aromatherapy Aviation Al Alloy Diffuser, Car Diffuser for Essential Oils, Relieve Stress and Purifie Odors for Car and Home</p><p>$15.99</p><a href="https://www.amazon.com/dp/B0CWNNPCD3?tag=eloabder-20&linkCode=osi&th=1&psc=1">View Product</a></div><div class="product"><a href="https://www.amazon.com/dp/B0B8T47G65?tag=eloabder-20&linkCode=osi&th=1&psc=1"><img src="https://m.media-amazon.com/images/I/41d6cgVheqL._SL500_.jpg" alt="Product Image"></a><p>Joyfunky Car Air Fresheners with Solar Rotating, Creative Car Perfume Decoration, Relieve Stress and Purifie Odors, Use at Car, office and Home, Silver</p><p>$12.99</p><a href="https://www.amazon.com/dp/B0B8T47G65?tag=eloabder-20&linkCode=osi&th=1&psc=1">View Product</a></div><div class="product"><a href="https://www.amazon.com/dp/B0D4ZHJVK8?tag=eloabder-20&linkCode=osi&th=1&psc=1"><img src="https://m.media-amazon.com/images/I/41sEhsjtb4L._SL500_.jpg" alt="Product Image"></a><p>NICEADA Helicopter Solar Car Air Freshener Refill Set, Solar Essential Oil Refill Perfume Oil for Car Air Fresheners(4 Packs)</p><p>$21.99 ($24.99 / Fl Oz)</p><a href="https://www.amazon.com/dp/B0D4ZHJVK8?tag=eloabder-20&linkCode=osi&th=1&psc=1">View Product</a></div><div class="product"><a href="https://www.amazon.com/dp/B0D251XW47?tag=eloabder-20&linkCode=osi&th=1&psc=1"><img src="https://m.media-amazon.com/images/I/41x6lmNq9fL._SL500_.jpg" alt="Product Image"></a><p>Helicopter Car Air Fresheners with Solar Rotating, Creative Car Perfume Decoration, Car Airplane Fragrance Diffuser for Car, Home, Office (Silver)</p><p>$13.09</p><a href="https://www.amazon.com/dp/B0D251XW47?tag=eloabder-20&linkCode=osi&th=1&psc=1">View Product</a></div>

<div class="product"><a href="https://www.amazon.com/dp/B0D4154TQG?tag=eloabder-20&linkCode=osi&th=1&psc=1"><img src="https://m.media-amazon.com/images/I/217Iw-nO3UL._SL500_.jpg" alt="Product Image"></a><p>RV Curtain Glide Tape A115, 1/2 Inch Glides Clear RV Curtain Strip Curtain Slide Tape 72 Inches Long Use with Ceiling or Wall Mount Curtain Track A201 A202 (2 Pack)</p><p>$17.99</p><a href="https://www.amazon.com/dp/B0D4154TQG?tag=eloabder-20&linkCode=osi&th=1&psc=1">View Product</a></div>
<div class="product"><a href="https://www.amazon.com/dp/B08W4PQN8L?tag=eloabder-20&linkCode=osi&th=1&psc=1"><img src="https://m.media-amazon.com/images/I/41udmrd6QTL._SL500_.jpg" alt="Product Image"></a><p>Hot Air Balloon Novelty Air Freshener for Car - Sandalwood Scented Automotive Accessory New Mexico Souvenir Gift (Pack of 4)</p><p>$7.99 ($2.00 / Count)</p><a href="https://www.amazon.com/dp/B08W4PQN8L?tag=eloabder-20&linkCode=osi&th=1&psc=1">View Product</a></div>















<div class="product"><a href="https://www.amazon.com/dp/B0CP87K2VD?tag=eloabder-20&linkCode=osi&th=1&psc=1"><img src="https://m.media-amazon.com/images/I/41dTH4OPkcL._SL500_.jpg" alt="Product Image"></a><p>For harley air cleaner filter Touring street glide road king electra tri trike Dyna Sportster XL 883 1200 Softail air intake (Drift style -Contrast Cut, C-For Touring 08-16, Softail 16-17)</p><p>$125.00</p><a href="https://www.amazon.com/dp/B0CP87K2VD?tag=eloabder-20&linkCode=osi&th=1&psc=1">View Product</a></div><div class="product"><a href="https://www.amazon.com/dp/B08DNLNY3G?tag=eloabder-20&linkCode=osi&th=1&psc=1"><img src="https://m.media-amazon.com/images/I/51baNj3o8CL._SL500_.jpg" alt="Product Image"></a><p>2963308 HD1508 Ultra Classic Air Filter Cleaner for 2008-2014 Harley Davidson Street Glide, Electra Glide, Road King, Road Glide Custom, Ultra Classic and other select models HD-1508</p><p>$21.99</p><a href="https://www.amazon.com/dp/B08DNLNY3G?tag=eloabder-20&linkCode=osi&th=1&psc=1">View Product</a></div><div class="product"><a href="https://www.amazon.com/dp/B0CQ2KKC3N?tag=eloabder-20&linkCode=osi&th=1&psc=1"><img src="https://m.media-amazon.com/images/I/31W2a0gAwIL._SL500_.jpg" alt="Product Image"></a><p>High-Flo Replacement Air Filter Element For Ventilator - Milwaukee-Eight Engine '18-later Softail and '17-later Touring and Trike Models Equipped with 114 Air Cleaner</p><p>$39.99</p><a href="https://www.amazon.com/dp/B0CQ2KKC3N?tag=eloabder-20&linkCode=osi&th=1&psc=1">View Product</a></div><div class="product"><a href="https://www.amazon.com/dp/B0CPJ5BSGM?tag=eloabder-20&linkCode=osi&th=1&psc=1"><img src="https://m.media-amazon.com/images/I/41cUadnGKpL._SL500_.jpg" alt="Product Image"></a><p>For harley air cleaner filter sportster street road glide king for harley davidson motorcycle air intake (Nake style -Black, A-For Sportster XL models)</p><p>$169.00</p><a href="https://www.amazon.com/dp/B0CPJ5BSGM?tag=eloabder-20&linkCode=osi&th=1&psc=1">View Product</a></div><div class="product"><a href="https://www.amazon.com/dp/B0CR17NS1M?tag=eloabder-20&linkCode=osi&th=1&psc=1"><img src="https://m.media-amazon.com/images/I/41n57oM0A-L._SL500_.jpg" alt="Product Image"></a><p>For harley air cleaner filter Sportster Softail Touring street road king glide Dyna for harley davidson air intake filters (Speed 7 style -gray filter, C-For Touring 08-16, Softail 16-17)</p><p>$89.00</p><a href="https://www.amazon.com/dp/B0CR17NS1M?tag=eloabder-20&linkCode=osi&th=1&psc=1">View Product</a></div><div class="product"><a href="https://www.amazon.com/dp/B0CR167HDN?tag=eloabder-20&linkCode=osi&th=1&psc=1"><img src="https://m.media-amazon.com/images/I/41o4byfzbRL._SL500_.jpg" alt="Product Image"></a><p>For harley davidson air cleaner filter sportster Touring street glide road king electra Dyna Softail motorcycle air intake (Chromed- gray filter, C-For Touring 2008-2016)</p><p>$99.00</p><a href="https://www.amazon.com/dp/B0CR167HDN?tag=eloabder-20&linkCode=osi&th=1&psc=1">View Product</a></div>







<div class="product"><a href="https://www.amazon.com/dp/B08WH8CWDM?tag=eloabder-20&linkCode=osi&th=1&psc=1"><img src="https://m.media-amazon.com/images/I/41Jj3ouB+1L._SL500_.jpg" alt="Product Image"></a><p>Glaze 'N Seal Color Enhancer Paver Sealer, 1 Gallon (923)</p><p>$62.99</p><a href="https://www.amazon.com/dp/B08WH8CWDM?tag=eloabder-20&linkCode=osi&th=1&psc=1">View Product</a></div>

<div class="product"><a href="https://www.amazon.com/dp/B0B58G8WRX?tag=eloabder-20&linkCode=osi&th=1&psc=1"><img src="https://m.media-amazon.com/images/I/41hjxJMTGJL._SL500_.jpg" alt="Product Image"></a><p>Solarhome Air Filter 333-D2696 333D2696 Compatible with JCB Backhoe Loader 3CX 4CX Telehandler 531-70</p><p>$34.50</p><a href="https://www.amazon.com/dp/B0B58G8WRX?tag=eloabder-20&linkCode=osi&th=1&psc=1">View Product</a></div>




<div class="product"><a href="https://www.amazon.com/dp/B07G7XG6BV?tag=eloabder-20&linkCode=osi&th=1&psc=1"><img src="https://m.media-amazon.com/images/I/510tZGutn6L._SL500_.jpg" alt="Product Image"></a><p>Holikme 6Pack Cleaning Brush Power Scrubber Cleaning Brush Extended Long Attachment Set All Purpose Scrub Brushes Kit for Grout, Floor, Tub, Shower, Tile, Bathroom,Car Cleaning Brush，Yellow</p><p>$6.95</p><a href="https://www.amazon.com/dp/B07G7XG6BV?tag=eloabder-20&linkCode=osi&th=1&psc=1">View Product</a></div>



<div class="product"><a href="https://www.amazon.com/dp/B000FW2NWQ?tag=eloabder-20&linkCode=osi&th=1&psc=1"><img src="https://m.media-amazon.com/images/I/31VlBDw7uDL._SL500_.jpg" alt="Product Image"></a><p>Performance Tool W233 12-Inch Long Reach Extension Scraper with 3pc Double Edged Plastic Razor Scraper Blades and 3pc Carbon Steel Razor Scraper Blades</p><p>$10.31</p><a href="https://www.amazon.com/dp/B000FW2NWQ?tag=eloabder-20&linkCode=osi&th=1&psc=1">View Product</a></div>
<div class="product"><a href="https://www.amazon.com/dp/B0BV2CQ5SW?tag=eloabder-20&linkCode=osi&th=1&psc=1"><img src="https://m.media-amazon.com/images/I/51VkTDjGg4L._SL500_.jpg" alt="Product Image"></a><p>Filterelated Mixed Bed Deionized Di Resin Filter Fill, Suitable For Spotless Car Wash System Filter Change, Tds Filter, Aquarium Filter, Deionized Car Wash,5 Liters</p><p>$49.99</p><a href="https://www.amazon.com/dp/B0BV2CQ5SW?tag=eloabder-20&linkCode=osi&th=1&psc=1">View Product</a></div><div class="product"><a href="https://www.amazon.com/dp/B01MRVQ9UE?tag=eloabder-20&linkCode=osi&th=1&psc=1"><img src="https://m.media-amazon.com/images/I/51+i6fjU6tL._SL500_.jpg" alt="Product Image"></a><p>Husqvarna XP Pre-Mixed Fuel and Engine Oil Quart (3 Pack),Blue</p><p>$32.99 ($0.34 / Count)</p><a href="https://www.amazon.com/dp/B01MRVQ9UE?tag=eloabder-20&linkCode=osi&th=1&psc=1">View Product</a></div>




<div class="product"><a href="https://www.amazon.com/dp/B01N2G2NEJ?tag=eloabder-20&linkCode=osi&th=1&psc=1"><img src="https://m.media-amazon.com/images/I/41-5g4zEDpL._SL500_.jpg" alt="Product Image"></a><p>Chemical Guys SPI10816 Heavy Duty Water Spot Remover, Safe for Cars, Trucks, Motorcycles, RVs & More, 16 fl oz</p><p>$17.97 ($1.12 / Fl Oz)</p><a href="https://www.amazon.com/dp/B01N2G2NEJ?tag=eloabder-20&linkCode=osi&th=1&psc=1">View Product</a></div>









<div class="product"><a href="https://www.amazon.com/dp/B08YRVH2QV?tag=eloabder-20&linkCode=osi&th=1&psc=1"><img src="https://m.media-amazon.com/images/I/5164O-Jr2QL._SL500_.jpg" alt="Product Image"></a><p>Thetford AquaMAX Summer Cypress Scent RV Holding Tank Treatment, Formaldehyde Free, Waste Digester, Septic Tank Safe, 5 Gallon Bottle (96754)</p><p>$248.18</p><a href="https://www.amazon.com/dp/B08YRVH2QV?tag=eloabder-20&linkCode=osi&th=1&psc=1">View Product</a></div><div class="product"><a href="https://www.amazon.com/dp/B0BPMW7485?tag=eloabder-20&linkCode=osi&th=1&psc=1"><img src="https://m.media-amazon.com/images/I/51WNuQeew7L._SL500_.jpg" alt="Product Image"></a><p>XFasten Butyl Tape Black 1/2” x 30’ x 1/8" Butyl Sealant Tape Headlight Sealant Putty Tape | Black Butyl Caulking Tape | Butyl Tape RV Putty Tape EPDM Automotive Butyl Rubber Window Sealant for RV</p><p>$13.99 ($0.47 / Foot)</p><a href="https://www.amazon.com/dp/B0BPMW7485?tag=eloabder-20&linkCode=osi&th=1&psc=1">View Product</a></div>
<div class="product"><a href="https://www.amazon.com/dp/B006DXWZQU?tag=eloabder-20&linkCode=osi&th=1&psc=1"><img src="https://m.media-amazon.com/images/I/41wtqfFFfQL._SL500_.jpg" alt="Product Image"></a><p>FRAM Ultra Synthetic Automotive Replacement Oil Filter, Designed for Synthetic Oil Changes Lasting up to 20k Miles, XG10575 with SureGrip (Pack of 1)</p><p>$10.79</p><a href="https://www.amazon.com/dp/B006DXWZQU?tag=eloabder-20&linkCode=osi&th=1&psc=1">View Product</a></div><div class="product"><a href="https://www.amazon.com/dp/B01LH7L0XA?tag=eloabder-20&linkCode=osi&th=1&psc=1"><img src="https://m.media-amazon.com/images/I/41yD3QmbyZL._SL500_.jpg" alt="Product Image"></a><p>Shell Rotella T4 Triple Protection Conventional 15W-40 Diesel Engine Oil (1-Gallon, Single Pack)</p><p>$15.98 ($0.12 / Fl Oz)</p><a href="https://www.amazon.com/dp/B01LH7L0XA?tag=eloabder-20&linkCode=osi&th=1&psc=1">View Product</a></div><div class="product"><a href="https://www.amazon.com/dp/B00ICSWGJ0?tag=eloabder-20&linkCode=osi&th=1&psc=1"><img src="https://m.media-amazon.com/images/I/41Ahz5dVc5L._SL500_.jpg" alt="Product Image"></a><p>Castrol Edge 5W-30 Advanced Full Synthetic Motor Oil, 5 Quarts</p><p>$24.72 ($0.15 / Fl Oz)</p><a href="https://www.amazon.com/dp/B00ICSWGJ0?tag=eloabder-20&linkCode=osi&th=1&psc=1">View Product</a></div><div class="product"><a href="https://www.amazon.com/dp/B01N8RPDT8?tag=eloabder-20&linkCode=osi&th=1&psc=1"><img src="https://m.media-amazon.com/images/I/41Qm+9e8sCL._SL500_.jpg" alt="Product Image"></a><p>Motorcraft - Oil - Engine (XO10W305Q3SD)</p><p>$32.27</p><a href="https://www.amazon.com/dp/B01N8RPDT8?tag=eloabder-20&linkCode=osi&th=1&psc=1">View Product</a></div>
<div class="product"><a href="https://www.amazon.com/dp/B07FTRZLM5?tag=eloabder-20&linkCode=osi&th=1&psc=1"><img src="https://m.media-amazon.com/images/I/416uoNYOsXL._SL500_.jpg" alt="Product Image"></a><p>Chemical Guys HOL126 14-Piece Arsenal Builder Car Wash Kit with Foam Gun, Bucket, and (5) 16 oz Car Care Cleaning Chemicals, Gift for Car & Truck Lovers, Dads and DIYers (Works w/Garden Hose)</p><p>$119.99</p><a href="https://www.amazon.com/dp/B07FTRZLM5?tag=eloabder-20&linkCode=osi&th=1&psc=1">View Product</a></div><div class="product"><a href="https://www.amazon.com/dp/B0741RL23Q?tag=eloabder-20&linkCode=osi&th=1&psc=1"><img src="https://m.media-amazon.com/images/I/410wwKZBYVL._SL500_.jpg" alt="Product Image"></a><p>Chemical Guys SPI220 Total Interior Cleaner and Protectant, Safe for Cars, Trucks, SUVs, Jeeps, Motorcycles, RVs & More, 128 fl oz (1 Gallon)</p><p>$54.99 ($0.43 / Fl Oz)</p><a href="https://www.amazon.com/dp/B0741RL23Q?tag=eloabder-20&linkCode=osi&th=1&psc=1">View Product</a></div><div class="product"><a href="https://www.amazon.com/dp/B002J7VX4Y?tag=eloabder-20&linkCode=osi&th=1&psc=1"><img src="https://m.media-amazon.com/images/I/41oijnffQ0L._SL500_.jpg" alt="Product Image"></a><p>Chemical Guys AIR_101_16 New Car Smell Premium Air Freshener and Odor Eliminator, Long-Lasting Scent, Great for Cars, Trucks, SUVs, RVs & More, 16 fl oz</p><p>$10.99 ($0.69 / Fl Oz)</p><a href="https://www.amazon.com/dp/B002J7VX4Y?tag=eloabder-20&linkCode=osi&th=1&psc=1">View Product</a></div><div class="product"><a href="https://www.amazon.com/dp/B077TPG55M?tag=eloabder-20&linkCode=osi&th=1&psc=1"><img src="https://m.media-amazon.com/images/I/51aYksYRthL._SL500_.jpg" alt="Product Image"></a><p>Chemical Guys CWS20264 Tough Mudder Foaming Truck, Off Road, ATV and RV Heavy Duty Wash Soap,(Works with Foam Cannons, Foam Guns or Bucket Washes), 64 fl oz (Half Gallon), Lemon Scent</p><p>$39.99 ($0.62 / Fl Oz)</p><a href="https://www.amazon.com/dp/B077TPG55M?tag=eloabder-20&linkCode=osi&th=1&psc=1">View Product</a></div><div class="product"><a href="https://www.amazon.com/dp/B00BJCAPEE?tag=eloabder-20&linkCode=osi&th=1&psc=1"><img src="https://m.media-amazon.com/images/I/416RIPKVW1L._SL500_.jpg" alt="Product Image"></a><p>Chemical Guys CWS_402 Mr. Pink Foaming Car Wash Soap (Works with Foam Cannons, Foam Guns or Bucket Washes) Safe for Cars, Trucks, Motorcycles, RVs & More, 128 fl oz, Candy Scent</p><p>$39.99 ($0.31 / Fl Oz)</p><a href="https://www.amazon.com/dp/B00BJCAPEE?tag=eloabder-20&linkCode=osi&th=1&psc=1">View Product</a></div><div class="product"><a href="https://www.amazon.com/dp/B01C6AISUK?tag=eloabder-20&linkCode=osi&th=1&psc=1"><img src="https://m.media-amazon.com/images/I/41FrDCDPB6S._SL500_.jpg" alt="Product Image"></a><p>Chemical Guys CLD_700_16 Mat Renew Rubber + Vinyl Floor Mat Cleaner And Protectant, Safe for Cars, Trucks, SUVs, Motorcycles, RVs & More, 16 fl oz</p><p>$10.99 ($0.69 / Fl Oz)</p><a href="https://www.amazon.com/dp/B01C6AISUK?tag=eloabder-20&linkCode=osi&th=1&psc=1">View Product</a></div><div class="product"><a href="https://www.amazon.com/dp/B01N76S0A7?tag=eloabder-20&linkCode=osi&th=1&psc=1"><img src="https://m.media-amazon.com/images/I/51jurhYPCgL._SL500_.jpg" alt="Product Image"></a><p>Chemical Guys HOL131 Premium Chenille Microfiber Car Wash Mop and Heavy Duty Extendable Pole Kit (Great for RVs, Trucks, SUVs, Jeeps & Large Vehicles), With Mr. Pink Foaming Car Wash Soap - 4 fl oz</p><p>$49.99</p><a href="https://www.amazon.com/dp/B01N76S0A7?tag=eloabder-20&linkCode=osi&th=1&psc=1">View Product</a></div><div class="product"><a href="https://www.amazon.com/dp/B009OTW646?tag=eloabder-20&linkCode=osi&th=1&psc=1"><img src="https://m.media-amazon.com/images/I/41lG36UqLBL._SL500_.jpg" alt="Product Image"></a><p>Chemical Guys CWS 110 Honeydew Snow Foam Car Wash Soap (Works with Foam Cannons, Guns or Bucket Washes) Safe for Trucks, Motorcycles, RVs & More, 128 fl oz (1 Gallon), Honeydew Scent</p><p>$39.99 ($0.31 / Fl Oz)</p><a href="https://www.amazon.com/dp/B009OTW646?tag=eloabder-20&linkCode=osi&th=1&psc=1">View Product</a></div><div class="product"><a href="https://www.amazon.com/dp/B08P54Z2C2?tag=eloabder-20&linkCode=osi&th=1&psc=1"><img src="https://m.media-amazon.com/images/I/41Ra65iS2OL._SL500_.jpg" alt="Product Image"></a><p>Chemical Guys WAC23316 HydroSpeed Ceramic Quick Detailer, Safe for Cars, Trucks, SUVs, Motorcycles, RVs & More, 16 fl oz</p><p>$24.99</p><a href="https://www.amazon.com/dp/B08P54Z2C2?tag=eloabder-20&linkCode=osi&th=1&psc=1">View Product</a></div>
<div class="product"><a href="https://www.amazon.com/dp/B0C7WLPQC7?tag=eloabder-20&linkCode=osi&th=1&psc=1"><img src="https://m.media-amazon.com/images/I/41hJeSxsSWL._SL500_.jpg" alt="Product Image"></a><p>Detail King Car Odor Removal - Chlorine Dioxide Cup - Extreme Odor Eliminator For Car - Safe And Easy To Use (3 Oz (Pack of 1) - Plastic)</p><p>$24.95 ($8.32 / Ounce)</p><a href="https://www.amazon.com/dp/B0C7WLPQC7?tag=eloabder-20&linkCode=osi&th=1&psc=1">View Product</a></div>

<div class="product"><a href="https://www.amazon.com/dp/B0052XFWCG?tag=eloabder-20&linkCode=osi&th=1&psc=1"><img src="https://m.media-amazon.com/images/I/41qajeJVXLL._SL500_.jpg" alt="Product Image"></a><p>Hot Shot's Secret HSS64Z Original Stiction Eliminator 64 Fluid Ounce Bottle, Green</p><p>$53.45 ($0.84 / Fl Oz)</p><a href="https://www.amazon.com/dp/B0052XFWCG?tag=eloabder-20&linkCode=osi&th=1&psc=1">View Product</a></div><div class="product"><a href="https://www.amazon.com/dp/B009M64CAW?tag=eloabder-20&linkCode=osi&th=1&psc=1"><img src="https://m.media-amazon.com/images/I/417D8X0nkBL._SL500_.jpg" alt="Product Image"></a><p>Lucas Oil 10679 Hot Rod & Classic Car SAE 10W-30 Motor Oil - 5 Quart</p><p>$38.50 ($0.24 / Fl Oz)</p><a href="https://www.amazon.com/dp/B009M64CAW?tag=eloabder-20&linkCode=osi&th=1&psc=1">View Product</a></div><div class="product"><a href="https://www.amazon.com/dp/B01L9ARY9O?tag=eloabder-20&linkCode=osi&th=1&psc=1"><img src="https://m.media-amazon.com/images/I/51yaZAYH75L._SL500_.jpg" alt="Product Image"></a><p>FPPF Chemical Co 00161 16 OZ HOT 4-in-1 Heating Oil Treatment (2 Bottles)</p><p>$26.42</p><a href="https://www.amazon.com/dp/B01L9ARY9O?tag=eloabder-20&linkCode=osi&th=1&psc=1">View Product</a></div><div class="product"><a href="https://www.amazon.com/dp/B009M64CUM?tag=eloabder-20&linkCode=osi&th=1&psc=1"><img src="https://m.media-amazon.com/images/I/41yiWaF8YQL._SL500_.jpg" alt="Product Image"></a><p>Lucas Oil 10683 Hot Rod & Classic Car SAE 10W-40 Motor Oil - 5 Quart</p><p>$43.24 ($0.27 / Fl Oz)</p><a href="https://www.amazon.com/dp/B009M64CUM?tag=eloabder-20&linkCode=osi&th=1&psc=1">View Product</a></div><div class="product"><a href="https://www.amazon.com/dp/B0973HNRH9?tag=eloabder-20&linkCode=osi&th=1&psc=1"><img src="https://m.media-amazon.com/images/I/41kyGGJa--L._SL500_.jpg" alt="Product Image"></a><p>Hot Shot's Secret FR3 Friction Reducer 64 Fluid Ounce 2 Quarts, Light Yellow Liquid, (HSSFR364Z)</p><p>$59.73 ($0.93 / Fl Oz)</p><a href="https://www.amazon.com/dp/B0973HNRH9?tag=eloabder-20&linkCode=osi&th=1&psc=1">View Product</a></div><div class="product"><a href="https://www.amazon.com/dp/B082YFQQ25?tag=eloabder-20&linkCode=osi&th=1&psc=1"><img src="https://m.media-amazon.com/images/I/511PTX7LlZL._SL500_.jpg" alt="Product Image"></a><p>Hot Shot's Secret Green Diamond 100 Percent Synthetic 15W40 Oil Diesel 1 Gallon</p><p>$39.99 ($0.31 / Fl Oz)</p><a href="https://www.amazon.com/dp/B082YFQQ25?tag=eloabder-20&linkCode=osi&th=1&psc=1">View Product</a></div>















<div class="product"><a href="https://www.amazon.com/dp/B08PTMXCJL?tag=eloabder-20&linkCode=osi&th=1&psc=1"><img src="https://m.media-amazon.com/images/I/410eJv-7UHL._SL500_.jpg" alt="Product Image"></a><p>Moly Grease | 3% Molybdenum Disulfide | Fifth Wheel | 5th | Automotive | Tractor | Axle | Spline | CV Joint | Lithium EP Grease | High Temp | 35 LB Pail Bucket | Black Moly | NLGI 2 | HeavyDuty Moly</p><p>$174.99 ($0.31 / Ounce)</p><a href="https://www.amazon.com/dp/B08PTMXCJL?tag=eloabder-20&linkCode=osi&th=1&psc=1">View Product</a></div><div class="product"><a href="https://www.amazon.com/dp/B08PTHJTK5?tag=eloabder-20&linkCode=osi&th=1&psc=1"><img src="https://m.media-amazon.com/images/I/41VdMjJ38aL._SL500_.jpg" alt="Product Image"></a><p>Wheel Bearing Grease Pail | Lithium Complex | High Temp EP | CV Joint | Axle | Automotive | Tractor | Truck | Ball Joint | Marine Boat | Gear | Heavy Duty | Blue | 35 LB Bucket | NLGI 2 | MultiPurpose</p><p>$167.99 ($0.30 / Ounce)</p><a href="https://www.amazon.com/dp/B08PTHJTK5?tag=eloabder-20&linkCode=osi&th=1&psc=1">View Product</a></div><div class="product"><a href="https://www.amazon.com/dp/B0013J1UA6?tag=eloabder-20&linkCode=osi&th=1&psc=1"><img src="https://m.media-amazon.com/images/I/41G0Fkf7KnL._SL500_.jpg" alt="Product Image"></a><p>CRC Food Grade Chain Lube 03055 – 12 Wt. Oz. Aerosol, NSF H1 Gear, Chain, and Wire Lubricant</p><p>$19.25 ($1.60 / Ounce)</p><a href="https://www.amazon.com/dp/B0013J1UA6?tag=eloabder-20&linkCode=osi&th=1&psc=1">View Product</a></div>





<div class="product"><a href="https://www.amazon.com/dp/B08GQ9G2V5?tag=eloabder-20&linkCode=osi&th=1&psc=1"><img src="https://m.media-amazon.com/images/I/511+rapOlWL._SL500_.jpg" alt="Product Image"></a><p>Armor All Car Air Freshener and Purifier, Car Odor Eliminator, 1.5 Ounce (Pack of 3)</p><p>$21.21 ($4.71 / Ounce)</p><a href="https://www.amazon.com/dp/B08GQ9G2V5?tag=eloabder-20&linkCode=osi&th=1&psc=1">View Product</a></div>







<div class="product"><a href="https://www.amazon.com/dp/B001229JCU?tag=eloabder-20&linkCode=osi&th=1&psc=1"><img src="https://m.media-amazon.com/images/I/31W6FuKPMcL._SL500_.jpg" alt="Product Image"></a><p>First Alert EZ Fire Spray, Extinguishing Aerosol Spray, AF400 Red 18 Ounce (Pack of 1)</p><p>$12.49</p><a href="https://www.amazon.com/dp/B001229JCU?tag=eloabder-20&linkCode=osi&th=1&psc=1">View Product</a></div><div class="product"><a href="https://www.amazon.com/dp/B002U0KGDY?tag=eloabder-20&linkCode=osi&th=1&psc=1"><img src="https://m.media-amazon.com/images/I/51p6R+mcRhL._SL500_.jpg" alt="Product Image"></a><p>First Alert EZ Fire Spray, Extinguishing Aerosol Spray, Pack of 2, AF400-2, RED</p><p>$27.02</p><a href="https://www.amazon.com/dp/B002U0KGDY?tag=eloabder-20&linkCode=osi&th=1&psc=1">View Product</a></div>
<div class="product"><a href="https://www.amazon.com/dp/B0088LVBUQ?tag=eloabder-20&linkCode=osi&th=1&psc=1"><img src="https://m.media-amazon.com/images/I/31h7l-l6u2L._SL500_.jpg" alt="Product Image"></a><p>Seymour EN-59 Hi-Tech Engine Spray Paint, General Motors Red</p><p>$9.08 ($0.76 / Ounce)</p><a href="https://www.amazon.com/dp/B0088LVBUQ?tag=eloabder-20&linkCode=osi&th=1&psc=1">View Product</a></div>




<div class="product"><a href="https://www.amazon.com/dp/B000HBNU9K?tag=eloabder-20&linkCode=osi&th=1&psc=1"><img src="https://m.media-amazon.com/images/I/41URzfKaVsL._SL500_.jpg" alt="Product Image"></a><p>Permatex 27828 Body Shop Heavy Duty Headliner Adhesive, High-Strength Spray Adhesive, Repair Detached Or Loose Interior Parts, Dries Clear, Aerosol Can, 16.75 Oz</p><p>$17.05 ($1.02 / Ounce)</p><a href="https://www.amazon.com/dp/B000HBNU9K?tag=eloabder-20&linkCode=osi&th=1&psc=1">View Product</a></div><div class="product"><a href="https://www.amazon.com/dp/B001VXXEXU?tag=eloabder-20&linkCode=osi&th=1&psc=1"><img src="https://m.media-amazon.com/images/I/5112onMwzaL._SL500_.jpg" alt="Product Image"></a><p>Vibra-TITE 213 Red VC-3 Original Threadmate, 250ml Can</p><p>$99.19</p><a href="https://www.amazon.com/dp/B001VXXEXU?tag=eloabder-20&linkCode=osi&th=1&psc=1">View Product</a></div><div class="product"><a href="https://www.amazon.com/dp/B0CWPSLTR1?tag=eloabder-20&linkCode=osi&th=1&psc=1"><img src="https://m.media-amazon.com/images/I/31ytleZjjaL._SL500_.jpg" alt="Product Image"></a><p>P & S PROFESSIONAL DETAIL PRODUCTS - Terminator Enzyme Spot and Stain Remover - Perfect for Deodorizing, Removing Embedded Soils, Grease, Dirt, and Protein-Based Stains; Fresh Scent (1 Quart)</p><p>$25.95 ($0.81 / Fl Oz)</p><a href="https://www.amazon.com/dp/B0CWPSLTR1?tag=eloabder-20&linkCode=osi&th=1&psc=1">View Product</a></div><div class="product"><a href="https://www.amazon.com/dp/B07GFNQL9H?tag=eloabder-20&linkCode=osi&th=1&psc=1"><img src="https://m.media-amazon.com/images/I/41AA3Nbt8OL._SL500_.jpg" alt="Product Image"></a><p>Gunk FEB1 Foamy Engine Brite Engine Cleaner - 17oz. 2 Pack</p><p>$17.95 ($0.53 / Ounce)</p><a href="https://www.amazon.com/dp/B07GFNQL9H?tag=eloabder-20&linkCode=osi&th=1&psc=1">View Product</a></div>



<div class="product"><a href="https://www.amazon.com/dp/B003SKCARK?tag=eloabder-20&linkCode=osi&th=1&psc=1"><img src="https://m.media-amazon.com/images/I/41rvU5irgRL._SL500_.jpg" alt="Product Image"></a><p>Obenauf's Heavy Duty LP Leather Preservative (4oz)- All Natural Beeswax Oil Conditioner- Rejuvenate Restore & Preserve Sunfaded or Cracked Boots Jackets Saddles Car Auto Upholstery Furniture- USA Made</p><p>$15.99</p><a href="https://www.amazon.com/dp/B003SKCARK?tag=eloabder-20&linkCode=osi&th=1&psc=1">View Product</a></div>
Aucun résultat trouvé.

<div class="product"><a href="https://www.amazon.com/dp/B0CLWDDWHX?tag=eloabder-20&linkCode=osi&th=1&psc=1"><img src="https://m.media-amazon.com/images/I/51HPMtia03L._SL500_.jpg" alt="Product Image"></a><p>Fire Fix Fire Extinguisher for Home 5-Pack | Made in USA | Emergency Fire Spray Foam for Apartment, Boat, Camping, Car, House, Kitchen & Vehicle | Safety & Survival | Compact, Small, Safe & Easy Use</p><p>$56.95</p><a href="https://www.amazon.com/dp/B0CLWDDWHX?tag=eloabder-20&linkCode=osi&th=1&psc=1">View Product</a></div><div class="product"><a href="https://www.amazon.com/dp/B0CKZF9H3D?tag=eloabder-20&linkCode=osi&th=1&psc=1"><img src="https://m.media-amazon.com/images/I/41+Q4YdByuL._SL500_.jpg" alt="Product Image"></a><p>Firexo All Fires Fire Extinguisher - Multipurpose Mini Aerosol - Pack of 6 - Home, Kitchen, Car, Garage, Boat, Caravan, Camping Household, ABC, Vehicle, Compact, RV, Emergency Equipment (0.1 Gal)</p><p>$139.99</p><a href="https://www.amazon.com/dp/B0CKZF9H3D?tag=eloabder-20&linkCode=osi&th=1&psc=1">View Product</a></div>
Aucun résultat trouvé.
Aucun résultat trouvé.






<div class="product"><a href="https://www.amazon.com/dp/B00FOKOKMU?tag=eloabder-20&linkCode=osi&th=1&psc=1"><img src="https://m.media-amazon.com/images/I/41KsUW-6WOL._SL500_.jpg" alt="Product Image"></a><p>The Original Leather Recoloring Balm by Furniture Clinic - 16 Colors - Leather Repair Kit for Furniture - Restore Couches, Car Seats & More - Leather Dye for Scratched and Faded Leather (Beige)</p><p>$29.95</p><a href="https://www.amazon.com/dp/B00FOKOKMU?tag=eloabder-20&linkCode=osi&th=1&psc=1">View Product</a></div>


<div class="product"><a href="https://www.amazon.com/dp/B0BQX6CPLS?tag=eloabder-20&linkCode=osi&th=1&psc=1"><img src="https://m.media-amazon.com/images/I/51OtuHOIJpL._SL500_.jpg" alt="Product Image"></a><p>Dry Stop Fire Spray by Prepared Hero - 8 Pack - Portable Fire Extinguisher for Home, Car, Garage, Kitchen - Works on Electrical, Grease, Battery Fires & More - Compact, Easy to Use</p><p>$143.99</p><a href="https://www.amazon.com/dp/B0BQX6CPLS?tag=eloabder-20&linkCode=osi&th=1&psc=1">View Product</a></div><div class="product"><a href="https://www.amazon.com/dp/B0BQX76B9K?tag=eloabder-20&linkCode=osi&th=1&psc=1"><img src="https://m.media-amazon.com/images/I/51iHCSuHw5L._SL500_.jpg" alt="Product Image"></a><p>Vapor Clean Fire Spray by Prepared Hero - 8 Pack - Portable Fire Extinguisher for Home, Car, Garage, Kitchen - Works on Electrical, Grease, Battery Fires & More - Compact, Easy to Use</p><p>$143.99</p><a href="https://www.amazon.com/dp/B0BQX76B9K?tag=eloabder-20&linkCode=osi&th=1&psc=1">View Product</a></div><div class="product"><a href="https://www.amazon.com/dp/B0C32NVZJZ?tag=eloabder-20&linkCode=osi&th=1&psc=1"><img src="https://m.media-amazon.com/images/I/61coxTM3mSL._SL500_.jpg" alt="Product Image"></a><p>Houandg Water-Based Fire Extinguisher- 2 Pack Portable Solution for All Fire Types in Homes, Vehicles, Kitchens - Prevents Re-Ignition</p><p>$33.98</p><a href="https://www.amazon.com/dp/B0C32NVZJZ?tag=eloabder-20&linkCode=osi&th=1&psc=1">View Product</a></div>
<div class="product"><a href="https://www.amazon.com/dp/B00L3W1OAO?tag=eloabder-20&linkCode=osi&th=1&psc=1"><img src="https://m.media-amazon.com/images/I/414uILMLuaL._SL500_.jpg" alt="Product Image"></a><p>Pro F/X Rubber Mask Grease Wheel - 1 Ounce - Trauma</p><p>$27.01</p><a href="https://www.amazon.com/dp/B00L3W1OAO?tag=eloabder-20&linkCode=osi&th=1&psc=1">View Product</a></div>
<div class="product"><a href="https://www.amazon.com/dp/B0CZ16SHCH?tag=eloabder-20&linkCode=osi&th=1&psc=1"><img src="https://m.media-amazon.com/images/I/31pYxaz4gYL._SL500_.jpg" alt="Product Image"></a><p>P & S PROFESSIONAL DETAIL PRODUCTS - Rehab - Paint Correction Creme Safe for All Paint Types and with Multiple pad Types - Easy-to-use-Formula Works at Any Stage of Paint Correction - 1 Quart</p><p>$56.95</p><a href="https://www.amazon.com/dp/B0CZ16SHCH?tag=eloabder-20&linkCode=osi&th=1&psc=1">View Product</a></div><div class="product"><a href="https://www.amazon.com/dp/B082BG8HLX?tag=eloabder-20&linkCode=osi&th=1&psc=1"><img src="https://m.media-amazon.com/images/I/31OAXbv7QFL._SL500_.jpg" alt="Product Image"></a><p>Lithium Auto Elixirs Color Crush- A rather intense approach to an Instant Detailer, Infused with color enhancing technology - Extremely Hydrophobic ingredients, long lasting Instant Detailer</p><p>$19.95 ($1.25 / Fl Oz)</p><a href="https://www.amazon.com/dp/B082BG8HLX?tag=eloabder-20&linkCode=osi&th=1&psc=1">View Product</a></div><div class="product"><a href="https://www.amazon.com/dp/B07MTPWZ76?tag=eloabder-20&linkCode=osi&th=1&psc=1"><img src="https://m.media-amazon.com/images/I/41v5yubrqoL._SL500_.jpg" alt="Product Image"></a><p>Lithium Seal and Squeal Paint Sealant/Polish - Incredible Shine and Lasting Protection - Curable Amino Functional Polymers Fused with Si02 Ceramic Nano Technology -Lasts for up to 12 Months (16 oz)</p><p>$39.99 ($2.50 / Ounce)</p><a href="https://www.amazon.com/dp/B07MTPWZ76?tag=eloabder-20&linkCode=osi&th=1&psc=1">View Product</a></div><div class="product"><a href="https://www.amazon.com/dp/B07MVNX377?tag=eloabder-20&linkCode=osi&th=1&psc=1"><img src="https://m.media-amazon.com/images/I/31gEqFf7rhL._SL500_.jpg" alt="Product Image"></a><p>Leather Love - The Best Leather Conditioner On The Planet, Brings Old Leather Back To Life, All Natural Ingredients Mixed With Serious Science, Restores, Rehydrates, Protects (8oz)</p><p>$28.99 ($3.62 / Ounce)</p><a href="https://www.amazon.com/dp/B07MVNX377?tag=eloabder-20&linkCode=osi&th=1&psc=1">View Product</a></div><div class="product"><a href="https://www.amazon.com/dp/B07MTQP514?tag=eloabder-20&linkCode=osi&th=1&psc=1"><img src="https://m.media-amazon.com/images/I/311IYwH-oaL._SL500_.jpg" alt="Product Image"></a><p>Trim Serum- Plastic Restorer- Restores Even the Most Damaged Plastic, Rubber and Vinyl, Last For Months, Penetrates Plastic Pores Restoring Color. (16 Oz)</p><p>$36.99</p><a href="https://www.amazon.com/dp/B07MTQP514?tag=eloabder-20&linkCode=osi&th=1&psc=1">View Product</a></div><div class="product"><a href="https://www.amazon.com/dp/B07236X7TS?tag=eloabder-20&linkCode=osi&th=1&psc=1"><img src="https://m.media-amazon.com/images/I/51-mgxYD9kL._SL500_.jpg" alt="Product Image"></a><p>Skidmore's Biker Edition Leather Cream | All Natural Formula Cleans, Conditions, and Protects your Motorcycle | Made in USA</p><p>$44.98</p><a href="https://www.amazon.com/dp/B07236X7TS?tag=eloabder-20&linkCode=osi&th=1&psc=1">View Product</a></div><div class="product"><a href="https://www.amazon.com/dp/B001CS6HH4?tag=eloabder-20&linkCode=osi&th=1&psc=1"><img src="https://m.media-amazon.com/images/I/41wY0SB+DWL._SL500_.jpg" alt="Product Image"></a><p>Fiebing's Yellow Saddle Soap for Leather (3.5 oz Tin) - Leather Cleaner & Conditioner to Soften, Protect & Restore Leathercraft - Leather Soap for Car Seat, Couch, Shoe, Purse, Boot, Bag, & Saddles</p><p>$7.15 ($2.04 / Ounce)</p><a href="https://www.amazon.com/dp/B001CS6HH4?tag=eloabder-20&linkCode=osi&th=1&psc=1">View Product</a></div><div class="product"><a href="https://www.amazon.com/dp/B08RHZ1BKD?tag=eloabder-20&linkCode=osi&th=1&psc=1"><img src="https://m.media-amazon.com/images/I/21WKh31c4tL._SL500_.jpg" alt="Product Image"></a><p>Lithium Ignite After Wash - Conditions and Shines Surfaces as You Dry. Streak-Free Hydrophobic Formula adds Lubrication to Stop Micro Scratching While Surfaces pop with Color.</p><p>$21.99 ($1.37 / Fl Oz)</p><a href="https://www.amazon.com/dp/B08RHZ1BKD?tag=eloabder-20&linkCode=osi&th=1&psc=1">View Product</a></div><div class="product"><a href="https://www.amazon.com/dp/B0003A1T3E?tag=eloabder-20&linkCode=osi&th=1&psc=1"><img src="https://m.media-amazon.com/images/I/41042PKJ1ZL._SL500_.jpg" alt="Product Image"></a><p>URAD One step All-In-One Leather conditioner 140g - NEUTRAL</p><p>$16.13</p><a href="https://www.amazon.com/dp/B0003A1T3E?tag=eloabder-20&linkCode=osi&th=1&psc=1">View Product</a></div>

<div class="product"><a href="https://www.amazon.com/dp/B0B3NFH3QY?tag=eloabder-20&linkCode=osi&th=1&psc=1"><img src="https://m.media-amazon.com/images/I/51sKVZnP-WL._SL500_.jpg" alt="Product Image"></a><p>Little Joe 96427-6PK I Love Hockey New Car Scent Red Car Air Freshener A/C Vent Clip Uses Alcohol-Free Fragrance Oil is Non-Hazardous and Non-Toxic Plastic, Pack of 6</p><p>$21.99 ($3.66 / Count)</p><a href="https://www.amazon.com/dp/B0B3NFH3QY?tag=eloabder-20&linkCode=osi&th=1&psc=1">View Product</a></div><div class="product"><a href="https://www.amazon.com/dp/B072275K82?tag=eloabder-20&linkCode=osi&th=1&psc=1"><img src="https://m.media-amazon.com/images/I/41wDnF6SiAL._SL500_.jpg" alt="Product Image"></a><p>Little Joe 96404-6PK Fruit Scent, Car Air Freshener, Clips to A/C Air Vent, Alcohol-Free Fragrance Oil, Non-Hazardous and Non-Toxic Plastic, Set of 6</p><p>$16.60 ($2.77 / Count)</p><a href="https://www.amazon.com/dp/B072275K82?tag=eloabder-20&linkCode=osi&th=1&psc=1">View Product</a></div><div class="product"><a href="https://www.amazon.com/dp/B0CQPQ2S4W?tag=eloabder-20&linkCode=osi&th=1&psc=1"><img src="https://m.media-amazon.com/images/I/31iRknmvjeL._SL500_.jpg" alt="Product Image"></a><p>Little Pup 96613 Blue Raspberry Slushy Scent Car Air Freshener A/C Vent Clip Uses Alcohol-Free Fragrance Oil is Non Hazardous and Non Toxic, Pack of 1</p><p>$3.94</p><a href="https://www.amazon.com/dp/B0CQPQ2S4W?tag=eloabder-20&linkCode=osi&th=1&psc=1">View Product</a></div><div class="product"><a href="https://www.amazon.com/dp/B0CQPNMTM4?tag=eloabder-20&linkCode=osi&th=1&psc=1"><img src="https://m.media-amazon.com/images/I/41eEovL+zML._SL500_.jpg" alt="Product Image"></a><p>Little Joe 96414-6PK Orange Creamsicle Scent Car Air Freshener A/C Vent Clip Uses Alcohol-Free Fragrance Oil is Non-Hazardous and Non-Toxic Plastic, Pack of 6</p><p>$25.99 ($4.33 / Count)</p><a href="https://www.amazon.com/dp/B0CQPNMTM4?tag=eloabder-20&linkCode=osi&th=1&psc=1">View Product</a></div><div class="product"><a href="https://www.amazon.com/dp/B0CH9KNNZN?tag=eloabder-20&linkCode=osi&th=1&psc=1"><img src="https://m.media-amazon.com/images/I/41jX66PGMTL._SL500_.jpg" alt="Product Image"></a><p>TAKAVU Clay Bars Auto Detailing 2 Pack X 100g, Premium Grade Material, Magic Clay Bar Cleaner for Cars, RV, Boat and Bus (Grey)</p><p>$9.99</p><a href="https://www.amazon.com/dp/B0CH9KNNZN?tag=eloabder-20&linkCode=osi&th=1&psc=1">View Product</a></div>

<div class="product"><a href="https://www.amazon.com/dp/B004UM6DLE?tag=eloabder-20&linkCode=osi&th=1&psc=1"><img src="https://m.media-amazon.com/images/I/314nawyx6sL._SL500_.jpg" alt="Product Image"></a><p>CARPRO IronX Iron Remover: Stops Rust Spots and Pre-Mature Failure of The Clear Coat, Iron Contaminant Removal - 500mL with Sprayer (17oz)</p><p>$26.78</p><a href="https://www.amazon.com/dp/B004UM6DLE?tag=eloabder-20&linkCode=osi&th=1&psc=1">View Product</a></div><div class="product"><a href="https://www.amazon.com/dp/B01HXZXO98?tag=eloabder-20&linkCode=osi&th=1&psc=1"><img src="https://m.media-amazon.com/images/I/41Ne9OfQGzL._SL500_.jpg" alt="Product Image"></a><p>Chemical Guys CWS80316 Clean Slate Deep Surface Cleaning Car Wash Soap (Removes Old Car Waxes, Glazes & Sealants for Superior Surface Prep), 16 fl oz, Citrus Scent</p><p>$11.99 ($0.75 / Fl Oz)</p><a href="https://www.amazon.com/dp/B01HXZXO98?tag=eloabder-20&linkCode=osi&th=1&psc=1">View Product</a></div><div class="product"><a href="https://www.amazon.com/dp/B07C39H9YX?tag=eloabder-20&linkCode=osi&th=1&psc=1"><img src="https://m.media-amazon.com/images/I/31yK3Vb5xWL._SL500_.jpg" alt="Product Image"></a><p>Adam's Polishes Iron Remover (16oz) - Iron Out Fallout Rust Remover Spray for Car Detailing | Remove Iron Particles in Car Paint, Motorcycle, RV & Boat | Use Before Clay Bar, Car Wax or Car Wash</p><p>$16.99</p><a href="https://www.amazon.com/dp/B07C39H9YX?tag=eloabder-20&linkCode=osi&th=1&psc=1">View Product</a></div><div class="product"><a href="https://www.amazon.com/dp/B0BTJ9DJM5?tag=eloabder-20&linkCode=osi&th=1&psc=1"><img src="https://m.media-amazon.com/images/I/41tNMqlDrxL._SL500_.jpg" alt="Product Image"></a><p>Torque Detail Decon Wash Pack - Decontamination Soap 8oz + Wash Mitt - Surface Strip Wash Car Shampoo - Highly Absorbent Microfiber Chenille Car Wash Mitt Safely Cleans Your Vehicles Entire Surface</p><p>$24.95 ($3.12 / Fl Oz)</p><a href="https://www.amazon.com/dp/B0BTJ9DJM5?tag=eloabder-20&linkCode=osi&th=1&psc=1">View Product</a></div><div class="product"><a href="https://www.amazon.com/dp/B013K5V9PQ?tag=eloabder-20&linkCode=osi&th=1&psc=1"><img src="https://m.media-amazon.com/images/I/41V3rm6NlZL._SL500_.jpg" alt="Product Image"></a><p>CARPRO PolyShave Decon Towel - Car Detailing Clay Decontamination Faster than Clay Bar, Clean & Release of Paint Contaminants and Glass - Increase Wax and Sealant Bond - 12" x 12" (1 Pack)</p><p>$39.97</p><a href="https://www.amazon.com/dp/B013K5V9PQ?tag=eloabder-20&linkCode=osi&th=1&psc=1">View Product</a></div><div class="product"><a href="https://www.amazon.com/dp/B0B788NBWG?tag=eloabder-20&linkCode=osi&th=1&psc=1"><img src="https://m.media-amazon.com/images/I/51NDfAOuEmL._SL500_.jpg" alt="Product Image"></a><p>P & S Professional Detail Products - Clay Decontamination Towel - Effective Cleaning & Release of Paint Contaminants; Increase Wax & Sealant Bond; Enhance Gloss & Depth of Color; Fine Grade-12" x 12"</p><p>$34.95</p><a href="https://www.amazon.com/dp/B0B788NBWG?tag=eloabder-20&linkCode=osi&th=1&psc=1">View Product</a></div><div class="product"><a href="https://www.amazon.com/dp/B0B27TFK69?tag=eloabder-20&linkCode=osi&th=1&psc=1"><img src="https://m.media-amazon.com/images/I/41zJPQIcqeL._SL500_.jpg" alt="Product Image"></a><p>The Rag Company - Ultra Clay Decontamination Mitt - Easy to Use; Effective Cleaning & Release of Paint Contaminants; Increase Wax & Sealant Bond; Enhance Gloss &Color Depth; Fine Grade (8.7"x5.7")</p><p>$34.95</p><a href="https://www.amazon.com/dp/B0B27TFK69?tag=eloabder-20&linkCode=osi&th=1&psc=1">View Product</a></div><div class="product"><a href="https://www.amazon.com/dp/B0C6XBN14N?tag=eloabder-20&linkCode=osi&th=1&psc=1"><img src="https://m.media-amazon.com/images/I/31BSavOJ89L._SL500_.jpg" alt="Product Image"></a><p>3D Iron Remover GLW Series | DIY Car Detailing | Hyper Effective Wheel Decontamination | Removes Iron Particles, Dirt, Brake Dust | Rapid Results | Ultimate Iron & Surface Contaminate Eliminator, 16oz</p><p>$17.99</p><a href="https://www.amazon.com/dp/B0C6XBN14N?tag=eloabder-20&linkCode=osi&th=1&psc=1">View Product</a></div>







<div class="product"><a href="https://www.amazon.com/dp/B0D2SPCW3G?tag=eloabder-20&linkCode=osi&th=1&psc=1"><img src="https://m.media-amazon.com/images/I/41JYIg6xqqL._SL500_.jpg" alt="Product Image"></a><p>Crankcase Ventilation Oil Separator with Gasket Compatible for 2008-2014 Volvo Mack D13 D16 MP8 Engine Replace 21122541 20499419</p><p>$155.99</p><a href="https://www.amazon.com/dp/B0D2SPCW3G?tag=eloabder-20&linkCode=osi&th=1&psc=1">View Product</a></div>

<div class="product"><a href="https://www.amazon.com/dp/B0C6M2FHGX?tag=eloabder-20&linkCode=osi&th=1&psc=1"><img src="https://m.media-amazon.com/images/I/21wWRrpHdbL._SL500_.jpg" alt="Product Image"></a><p>eMagTech 9PCS Warning Sign Please No Smoking Vaping Food Drink Stickers 110x50mm Self-Adhesive Vinyl Window Decal for Car Taxis Buses Minibuses</p><p>$9.49</p><a href="https://www.amazon.com/dp/B0C6M2FHGX?tag=eloabder-20&linkCode=osi&th=1&psc=1">View Product</a></div>

Aucun résultat trouvé.

<div class="product"><a href="https://www.amazon.com/dp/B0CVWZZMRY?tag=eloabder-20&linkCode=osi&th=1&psc=1"><img src="https://m.media-amazon.com/images/I/512y-1GwQNL._SL500_.jpg" alt="Product Image"></a><p>Jewkot 4 PCS Car Wiper Strip, 28" Boneless Structure Car Windshield Cleaning Wiper Strip, DIY Length Auxiliary Cleaning Replacement Accessory, Suitable for Most Cars, Vans, Trucks, Buses (Black)</p><p>$5.58</p><a href="https://www.amazon.com/dp/B0CVWZZMRY?tag=eloabder-20&linkCode=osi&th=1&psc=1">View Product</a></div>
<div class="product"><a href="https://www.amazon.com/dp/B07L3VQC6W?tag=eloabder-20&linkCode=osi&th=1&psc=1"><img src="https://m.media-amazon.com/images/I/41GebP+2HYL._SL500_.jpg" alt="Product Image"></a><p>BRISA VW Collection Volkswagen Air Freshener, Room Freshener, Deodorizer for Cars T1 Bus Campervan Motif (Citrus/Yellow/Set of 2)</p><p>$13.90 ($6.95 / Count)</p><a href="https://www.amazon.com/dp/B07L3VQC6W?tag=eloabder-20&linkCode=osi&th=1&psc=1">View Product</a></div><div class="product"><a href="https://www.amazon.com/dp/B07L3V86JS?tag=eloabder-20&linkCode=osi&th=1&psc=1"><img src="https://m.media-amazon.com/images/I/41TblWhKhQL._SL500_.jpg" alt="Product Image"></a><p>BRISA VW Collection Volkswagen Air Freshener, Room Freshener, Deodorizer for Cars T1 Bus Campervan Motif (New Car/Green/Set of 2)</p><p>$13.90 ($6.95 / Count)</p><a href="https://www.amazon.com/dp/B07L3V86JS?tag=eloabder-20&linkCode=osi&th=1&psc=1">View Product</a></div>


Aucun résultat trouvé.










<div class="product"><a href="https://www.amazon.com/dp/B099HL5SV2?tag=eloabder-20&linkCode=osi&th=1&psc=1"><img src="https://m.media-amazon.com/images/I/31kcR8HnylL._SL500_.jpg" alt="Product Image"></a><p>Philips GoPure GP5212 High Performance HEPA Air Purifier for Car, Removes up to 100 Pollutants, Exhaust Fumes, VOCs, Smoke, Bad Odors, Bacteria and Viruses</p><p>$77.59</p><a href="https://www.amazon.com/dp/B099HL5SV2?tag=eloabder-20&linkCode=osi&th=1&psc=1">View Product</a></div><div class="product"><a href="https://www.amazon.com/dp/B07TB419F7?tag=eloabder-20&linkCode=osi&th=1&psc=1"><img src="https://m.media-amazon.com/images/I/41l9XK-u-eL._SL500_.jpg" alt="Product Image"></a><p>Enoch Ionic Car Air Purifier with Dual USB Car Charger. Car Air Freshener Eliminates Odor, Dust. Removes Smoke, Pet and Food Odor. Ionic Ozone Car Deodorizer (Matt Black)</p><p>$24.50</p><a href="https://www.amazon.com/dp/B07TB419F7?tag=eloabder-20&linkCode=osi&th=1&psc=1">View Product</a></div><div class="product"><a href="https://www.amazon.com/dp/B08C9LKKMM?tag=eloabder-20&linkCode=osi&th=1&psc=1"><img src="https://m.media-amazon.com/images/I/41uJDRzxfrL._SL500_.jpg" alt="Product Image"></a><p>4WDKING Car Air Purifier Ionizer, 12V Plug-in Car Air Freshener Gadgets with Dual USB Charger Removes Cigarette Smoke, Pet and Food Odor, Ionic Ozone (Black)</p><p>$22.99</p><a href="https://www.amazon.com/dp/B08C9LKKMM?tag=eloabder-20&linkCode=osi&th=1&psc=1">View Product</a></div><div class="product"><a href="https://www.amazon.com/dp/B07C7D366L?tag=eloabder-20&linkCode=osi&th=1&psc=1"><img src="https://m.media-amazon.com/images/I/51GvjMcOskL._SL500_.jpg" alt="Product Image"></a><p>Car Air Purifier Ionizer - 12V Plug-in Ionic Anti-Microbial Car Deodorizer with Dual USB Charger - Smoke Smell, Pet and Food Odors, Allergens, Viruses Eliminator for Car (Matte Silver)</p><p>$24.99</p><a href="https://www.amazon.com/dp/B07C7D366L?tag=eloabder-20&linkCode=osi&th=1&psc=1">View Product</a></div><div class="product"><a href="https://www.amazon.com/dp/B086H3FW7T?tag=eloabder-20&linkCode=osi&th=1&psc=1"><img src="https://m.media-amazon.com/images/I/51FfQTz4koL._SL500_.jpg" alt="Product Image"></a><p>bmbu 1000g Large Bamboo Charcoal Air Purifier Bag - Car Deodorizer/Car Freshener - Remove Odor and Control Moisture in Your RV, Camper, SUV, Car, Truck, Closet, Mobile Home, Storage - Non Fragrant</p><p>$22.99 ($0.65 / Ounce)</p><a href="https://www.amazon.com/dp/B086H3FW7T?tag=eloabder-20&linkCode=osi&th=1&psc=1">View Product</a></div><div class="product"><a href="https://www.amazon.com/dp/B019NXUJ5K?tag=eloabder-20&linkCode=osi&th=1&psc=1"><img src="https://m.media-amazon.com/images/I/31grLw6pdUL._SL500_.jpg" alt="Product Image"></a><p>PURGGO Car Air Freshener - Lasts 365+ Days No Chemicals 100% Activated Bamboo Charcoal Fragrance-Free Deodorizer, Natural Auto Odor Eliminator, Purifier, Neutralizer, Absorb Smoke Smell</p><p>$25.99</p><a href="https://www.amazon.com/dp/B019NXUJ5K?tag=eloabder-20&linkCode=osi&th=1&psc=1">View Product</a></div><div class="product"><a href="https://www.amazon.com/dp/B0CT5TBKH5?tag=eloabder-20&linkCode=osi&th=1&psc=1"><img src="https://m.media-amazon.com/images/I/41UB7n6FuwL._SL500_.jpg" alt="Product Image"></a><p>Timgle 1 Pack Car Air Freshener, Lasts 365+ Days, No Chemicals 100% Activated Bamboo Charcoal Fragrance, Free Deodorizer, Natural Auto Odor Eliminator, Purifier, Neutralizer (Khaki Strap)</p><p>$10.99</p><a href="https://www.amazon.com/dp/B0CT5TBKH5?tag=eloabder-20&linkCode=osi&th=1&psc=1">View Product</a></div><div class="product"><a href="https://www.amazon.com/dp/B00V4049K2?tag=eloabder-20&linkCode=osi&th=1&psc=1"><img src="https://m.media-amazon.com/images/I/51rLLMGOc6L._SL500_.jpg" alt="Product Image"></a><p>PURGGO Car Air Freshener - Auto Odor Eliminator - 100% Activated Bamboo Charcoal Air Purifier, Ionizer - Absorb and Remove Smoke Smell - Fragrance-Free Deodorizer - Lasts 365+ Days [Classic Beige]</p><p>$25.99</p><a href="https://www.amazon.com/dp/B00V4049K2?tag=eloabder-20&linkCode=osi&th=1&psc=1">View Product</a></div>








<div class="product"><a href="https://www.amazon.com/dp/B00RYGK12K?tag=eloabder-20&linkCode=osi&th=1&psc=1"><img src="https://m.media-amazon.com/images/I/51RdEyCkvuL._SL500_.jpg" alt="Product Image"></a><p>Little Trees Cardboard Hanging Car, Home & Office Air Freshener, Summer Linen (Pack of 12)</p><p>$11.82 ($0.98 / Count)</p><a href="https://www.amazon.com/dp/B00RYGK12K?tag=eloabder-20&linkCode=osi&th=1&psc=1">View Product</a></div><div class="product"><a href="https://www.amazon.com/dp/B00LM54ZD0?tag=eloabder-20&linkCode=osi&th=1&psc=1"><img src="https://m.media-amazon.com/images/I/41YuRNweefL._SL500_.jpg" alt="Product Image"></a><p>LITTLE TREES Air Fresheners Car Air Freshener. Hanging Tree Provides Long Lasting Scent for Auto or Home. Black Ice, 24 Air Fresheners</p><p>$20.19 ($0.84 / Count)</p><a href="https://www.amazon.com/dp/B00LM54ZD0?tag=eloabder-20&linkCode=osi&th=1&psc=1">View Product</a></div><div class="product"><a href="https://www.amazon.com/dp/B09BB4V1Y8?tag=eloabder-20&linkCode=osi&th=1&psc=1"><img src="https://m.media-amazon.com/images/I/51AKMdDLO-L._SL500_.jpg" alt="Product Image"></a><p>DRIVEJOY Car Air Freshener Vent Clips, 8 PK, 6 Ocean, 2 New Car Scent, Car Fresheners for Men Women, Up to 240 Days, Long Lasting Air Freshener for Car, Odor Eliminator</p><p>$9.98 ($9.60 / Fl Oz)</p><a href="https://www.amazon.com/dp/B09BB4V1Y8?tag=eloabder-20&linkCode=osi&th=1&psc=1">View Product</a></div><div class="product"><a href="https://www.amazon.com/dp/B078JWRLYT?tag=eloabder-20&linkCode=osi&th=1&psc=1"><img src="https://m.media-amazon.com/images/I/41shbIl-LEL._SL500_.jpg" alt="Product Image"></a><p>California Scents Air Freshener 4-Pack Car Air Freshener (Coronado Cherry)</p><p>$12.88 ($2.15 / Ounce)</p><a href="https://www.amazon.com/dp/B078JWRLYT?tag=eloabder-20&linkCode=osi&th=1&psc=1">View Product</a></div><div class="product"><a href="https://www.amazon.com/dp/B0CW4CJWW9?tag=eloabder-20&linkCode=osi&th=1&psc=1"><img src="https://m.media-amazon.com/images/I/417lKQ0MXPL._SL500_.jpg" alt="Product Image"></a><p>Karma, Essential Oil Air Freshener for Cars Set of 2, Home & Office - Colorful Decorative Hanging Air Freshener with Tassel, Buttercup Vanilla Scented</p><p>$8.40 ($4.20 / Count)</p><a href="https://www.amazon.com/dp/B0CW4CJWW9?tag=eloabder-20&linkCode=osi&th=1&psc=1">View Product</a></div><div class="product"><a href="https://www.amazon.com/dp/B00AYCXL2I?tag=eloabder-20&linkCode=osi&th=1&psc=1"><img src="https://m.media-amazon.com/images/I/5165h10nKbL._SL500_.jpg" alt="Product Image"></a><p>Febreze Car Air Fresheners, New Car Scent, Odor Eliminator for Strong Odors Car Vent Clips (2 Count)</p><p>$9.98 ($4.99 / Count)</p><a href="https://www.amazon.com/dp/B00AYCXL2I?tag=eloabder-20&linkCode=osi&th=1&psc=1">View Product</a></div><div class="product"><a href="https://www.amazon.com/dp/B01LZ0N1MJ?tag=eloabder-20&linkCode=osi&th=1&psc=1"><img src="https://m.media-amazon.com/images/I/41J5LJGof9L._SL500_.jpg" alt="Product Image"></a><p>LITTLE TREES Car Air Freshener | Hanging Paper Tree for Home or Car | New Car Scent | 12 Pack</p><p>$11.70 ($0.98 / Count)</p><a href="https://www.amazon.com/dp/B01LZ0N1MJ?tag=eloabder-20&linkCode=osi&th=1&psc=1">View Product</a></div><div class="product"><a href="https://www.amazon.com/dp/B0C2Q2VGPZ?tag=eloabder-20&linkCode=osi&th=1&psc=1"><img src="https://m.media-amazon.com/images/I/413gckSL1EL._SL500_.jpg" alt="Product Image"></a><p>Savage Disposable Card Freshener for Men | Car Scents Air Freshener with Sauvage Fragrance | Strong Car Perfume Air Freshener with Odour Eliminating Technology | Suvage by Perfa</p><p>$6.99</p><a href="https://www.amazon.com/dp/B0C2Q2VGPZ?tag=eloabder-20&linkCode=osi&th=1&psc=1">View Product</a></div>




<div class="product"><a href="https://www.amazon.com/dp/B06WVL7YSG?tag=eloabder-20&linkCode=osi&th=1&psc=1"><img src="https://m.media-amazon.com/images/I/51fO0NuM6nL._SL500_.jpg" alt="Product Image"></a><p>Meguiar's Quik Scratch Eraser Kit, Car Scratch Remover for Repairing Surface Blemishes, Car Care Kit with ScratchX, Drill-Mounted Pad, and Microfiber Towel, 3 Count</p><p>$17.97</p><a href="https://www.amazon.com/dp/B06WVL7YSG?tag=eloabder-20&linkCode=osi&th=1&psc=1">View Product</a></div><div class="product"><a href="https://www.amazon.com/dp/B00P67GSRG?tag=eloabder-20&linkCode=osi&th=1&psc=1"><img src="https://m.media-amazon.com/images/I/41R-vt8tcnL._SL500_.jpg" alt="Product Image"></a><p>Chemical Guys GAP_VKIT_16 V Line Polish and Compound Kit For Light to Heavy Swirls & Scratches (Safe for Cars, Trucks, SUVs, RVs, Motorcycles, & More) 4 - 16 fl oz Items</p><p>$69.99</p><a href="https://www.amazon.com/dp/B00P67GSRG?tag=eloabder-20&linkCode=osi&th=1&psc=1">View Product</a></div>
<div class="product"><a href="https://www.amazon.com/dp/B0BQ1CPLSQ?tag=eloabder-20&linkCode=osi&th=1&psc=1"><img src="https://m.media-amazon.com/images/I/41ikSNNgp5L._SL500_.jpg" alt="Product Image"></a><p>PROPER DETAILING CO. Car Detailing Kit Interior Cleaner, Get Professional Results - Car Interior Cleaning Kit includes 16 oz. interior cleaner, premium boars hair detail brush, and 2 microfiber towels</p><p>$23.99</p><a href="https://www.amazon.com/dp/B0BQ1CPLSQ?tag=eloabder-20&linkCode=osi&th=1&psc=1">View Product</a></div>




<div class="product"><a href="https://www.amazon.com/dp/B0D464228M?tag=eloabder-20&linkCode=osi&th=1&psc=1"><img src="https://m.media-amazon.com/images/I/315VtBe9l-L._SL500_.jpg" alt="Product Image"></a><p>Drift Car Air Freshener - Wood Air Freshener - Car Odor Eliminator - Open Air Scent Starter Kit</p><p>$11.95</p><a href="https://www.amazon.com/dp/B0D464228M?tag=eloabder-20&linkCode=osi&th=1&psc=1">View Product</a></div>
<div class="product"><a href="https://www.amazon.com/dp/B071HR14SJ?tag=eloabder-20&linkCode=osi&th=1&psc=1"><img src="https://m.media-amazon.com/images/I/41crypCefDL._SL500_.jpg" alt="Product Image"></a><p>Meguiar's Gold Class Car Wash Soap, Ultra-Rich Car Wash Soap and Conditioner for Car Cleaning, Car Wash Soap to Clean and Condition in One Easy Step, 1 Gallon Car Wash Soap</p><p>$24.99 ($0.20 / Ounce)</p><a href="https://www.amazon.com/dp/B071HR14SJ?tag=eloabder-20&linkCode=osi&th=1&psc=1">View Product</a></div><div class="product"><a href="https://www.amazon.com/dp/B085R9L9Q9?tag=eloabder-20&linkCode=osi&th=1&psc=1"><img src="https://m.media-amazon.com/images/I/41tAv1FNbZL._SL500_.jpg" alt="Product Image"></a><p>Armor All Extreme Shield Protectant Spray , Interior Car Cleaner with UV Protection Against Cracking and Fading, 16 Fl Oz</p><p>$8.98 ($0.56 / Fl Oz)</p><a href="https://www.amazon.com/dp/B085R9L9Q9?tag=eloabder-20&linkCode=osi&th=1&psc=1">View Product</a></div><div class="product"><a href="https://www.amazon.com/dp/B016NA9Y4S?tag=eloabder-20&linkCode=osi&th=1&psc=1"><img src="https://m.media-amazon.com/images/I/31oz8VJFdjL._SL500_.jpg" alt="Product Image"></a><p>Rain-X 5079281-2 Latitude 2-In-1 Wiper Blades, 26 Inch Windshield Wipers (Pack Of 1), Automotive Replacement Windshield Wiper Blades With Patented Rain-X Water Repellency Formula</p><p>$17.08</p><a href="https://www.amazon.com/dp/B016NA9Y4S?tag=eloabder-20&linkCode=osi&th=1&psc=1">View Product</a></div><div class="product"><a href="https://www.amazon.com/dp/B0D2PCCJVK?tag=eloabder-20&linkCode=osi&th=1&psc=1"><img src="https://m.media-amazon.com/images/I/41BFT-c3a9L._SL500_.jpg" alt="Product Image"></a><p>HoogaLife Car Air Freshener Diffuser – Revitalize Your Drive with Hanging Air Freshener Diffuser Aromatic Bliss On The Go(VANILLA CREAM)</p><p>$12.99 ($24.06 / Fl Oz)</p><a href="https://www.amazon.com/dp/B0D2PCCJVK?tag=eloabder-20&linkCode=osi&th=1&psc=1">View Product</a></div><div class="product"><a href="https://www.amazon.com/dp/B0D17SKCLF?tag=eloabder-20&linkCode=osi&th=1&psc=1"><img src="https://m.media-amazon.com/images/I/51VjaK8JNmL._SL500_.jpg" alt="Product Image"></a><p>AIDEA Car Wash Mitt Microfiber, 1PK-Scratch-Free& Lint-Free, Premium Chenille Microfiber Wash Mitt-Green Regular Size (7.12''X10.14'')</p><p>$5.99</p><a href="https://www.amazon.com/dp/B0D17SKCLF?tag=eloabder-20&linkCode=osi&th=1&psc=1">View Product</a></div>








<div class="product"><a href="https://www.amazon.com/dp/B00UZE8D00?tag=eloabder-20&linkCode=osi&th=1&psc=1"><img src="https://m.media-amazon.com/images/I/517VVkgvgcL._SL500_.jpg" alt="Product Image"></a><p>Chemical Guys HOL_996 Convertible Top Cleaner and Protectant Kit, 16 oz, 2 Items</p><p>$29.99</p><a href="https://www.amazon.com/dp/B00UZE8D00?tag=eloabder-20&linkCode=osi&th=1&psc=1">View Product</a></div><div class="product"><a href="https://www.amazon.com/dp/B004HCS4NW?tag=eloabder-20&linkCode=osi&th=1&psc=1"><img src="https://m.media-amazon.com/images/I/41j5b6xRqNL._SL500_.jpg" alt="Product Image"></a><p>Meguiar's Convertible Top Cleaner - Fabric Convertible Top Cleaner and Vinyl Convertible Top Cleaner in One Advanced Formula - Safely Removes Stains, Mildew, Bird Droppings, and More, 16 Oz</p><p>$6.87 ($0.43 / Ounce)</p><a href="https://www.amazon.com/dp/B004HCS4NW?tag=eloabder-20&linkCode=osi&th=1&psc=1">View Product</a></div><div class="product"><a href="https://www.amazon.com/dp/B00UZE80N0?tag=eloabder-20&linkCode=osi&th=1&psc=1"><img src="https://m.media-amazon.com/images/I/31FG83SK9SL._SL500_.jpg" alt="Product Image"></a><p>Chemical Guys SPI_193_16 Convertible Top Protectant and Repellent, (Helps Prevent Fading & Discoloration on Fabric Sot Tops) 16 fl oz (Packaging May Vary)</p><p>$19.99 ($1.25 / Fl Oz)</p><a href="https://www.amazon.com/dp/B00UZE80N0?tag=eloabder-20&linkCode=osi&th=1&psc=1">View Product</a></div><div class="product"><a href="https://www.amazon.com/dp/B00UZE8C1A?tag=eloabder-20&linkCode=osi&th=1&psc=1"><img src="https://m.media-amazon.com/images/I/31aLnXKZxfL._SL500_.jpg" alt="Product Image"></a><p>Chemical Guys ACC_S94 Convertible Top Horse Hair Cleaning Brush, Safe for Cloth Soft Tops, Upholstery, Leather, Furniture, & More</p><p>$14.99</p><a href="https://www.amazon.com/dp/B00UZE8C1A?tag=eloabder-20&linkCode=osi&th=1&psc=1">View Product</a></div><div class="product"><a href="https://www.amazon.com/dp/B000A8JNF0?tag=eloabder-20&linkCode=osi&th=1&psc=1"><img src="https://m.media-amazon.com/images/I/51PLChiVIrL._SL500_.jpg" alt="Product Image"></a><p>303 Products Convertible Fabric Top Cleaning and Care Kit - Cleans And Protects Fabric Tops - Includes Tonneau Cover And Convertible Top Cleaner 16 fl. oz. + Fabric Guard, (30520)</p><p>$32.79 ($1.02 / Fl Oz)</p><a href="https://www.amazon.com/dp/B000A8JNF0?tag=eloabder-20&linkCode=osi&th=1&psc=1">View Product</a></div>
<div class="product"><a href="https://www.amazon.com/dp/B0BCQ1XMWV?tag=eloabder-20&linkCode=osi&th=1&psc=1"><img src="https://m.media-amazon.com/images/I/41lV6Au-S9L._SL500_.jpg" alt="Product Image"></a><p>EMITHSUN® Windshield Wiper Blades Replacement for Honda Civic Coupe 2 Door 2005-2011,That Meet OEM Quality Front Wipers Blade Set for My Car-28"+24"(Set of 2)</p><p>$19.99</p><a href="https://www.amazon.com/dp/B0BCQ1XMWV?tag=eloabder-20&linkCode=osi&th=1&psc=1">View Product</a></div>
<div class="product"><a href="https://www.amazon.com/dp/B00I8ITVZG?tag=eloabder-20&linkCode=osi&th=1&psc=1"><img src="https://m.media-amazon.com/images/I/41TXd564pcL._SL500_.jpg" alt="Product Image"></a><p>ECOGARD XC36067 Premium Cabin Air Filter Fits Hyundai Genesis 2009-2016, Equus 2011-2016 | Genesis G80 2017-2021, G90 2019-2021, GV80 2021 | Kia K900 2020</p><p>$10.98</p><a href="https://www.amazon.com/dp/B00I8ITVZG?tag=eloabder-20&linkCode=osi&th=1&psc=1">View Product</a></div>

<div class="product"><a href="https://www.amazon.com/dp/B097C3NCP1?tag=eloabder-20&linkCode=osi&th=1&psc=1"><img src="https://m.media-amazon.com/images/I/41GXST2+s6L._SL500_.jpg" alt="Product Image"></a><p>Raidbee 12 inch Rear Wiper Blade Replacement for Toyota Corolla Hatchback 2022-2019, Nissan Versa 2019-2014 Back Windshield Wiper (H306/12-B)</p><p>$6.99</p><a href="https://www.amazon.com/dp/B097C3NCP1?tag=eloabder-20&linkCode=osi&th=1&psc=1">View Product</a></div>



<div class="product"><a href="https://www.amazon.com/dp/B0CQ4MLKHJ?tag=eloabder-20&linkCode=osi&th=1&psc=1"><img src="https://m.media-amazon.com/images/I/519f8covwQL._SL500_.jpg" alt="Product Image"></a><p>Feetiger All-in-1 Fire Extinguisher for Home, Kitchen, Car, Garage, RV, Truck, Boat, Camping, Fire Spray that Tackles Multiple Types of Fire, 2pack</p><p>$39.99</p><a href="https://www.amazon.com/dp/B0CQ4MLKHJ?tag=eloabder-20&linkCode=osi&th=1&psc=1">View Product</a></div>
<div class="product"><a href="https://www.amazon.com/dp/B07TS4JV6H?tag=eloabder-20&linkCode=osi&th=1&psc=1"><img src="https://m.media-amazon.com/images/I/412htpDd6fL._SL500_.jpg" alt="Product Image"></a><p>Police Flag Air Freshener, New Car Scent, 6-Pack</p><p>$9.99 ($1.66 / Count)</p><a href="https://www.amazon.com/dp/B07TS4JV6H?tag=eloabder-20&linkCode=osi&th=1&psc=1">View Product</a></div>


<div class="product"><a href="https://www.amazon.com/dp/B009EU5ZNO?tag=eloabder-20&linkCode=osi&th=1&psc=1"><img src="https://m.media-amazon.com/images/I/515MJLZbnoL._SL500_.jpg" alt="Product Image"></a><p>J-B Weld 50133 Plastic Bonder Structural Adhesive Syringe - Tan - 25 ml</p><p>$6.98 ($8.21 / Fl Oz)</p><a href="https://www.amazon.com/dp/B009EU5ZNO?tag=eloabder-20&linkCode=osi&th=1&psc=1">View Product</a></div>



<div class="product"><a href="https://www.amazon.com/dp/B09P6YZP72?tag=eloabder-20&linkCode=osi&th=1&psc=1"><img src="https://m.media-amazon.com/images/I/416rlvu+ayL._SL500_.jpg" alt="Product Image"></a><p>AUTOBOO 26"+20" Windshield Wipers with 16" Rear Wiper Blade Replacement for Dodge Grand Caravan 2008-2012 2013 2014 2015 2016 2017 2018 2019 -Original Factory Quality (Pack of 3)</p><p>$23.99</p><a href="https://www.amazon.com/dp/B09P6YZP72?tag=eloabder-20&linkCode=osi&th=1&psc=1">View Product</a></div><div class="product"><a href="https://www.amazon.com/dp/B0BLYQBDS8?tag=eloabder-20&linkCode=osi&th=1&psc=1"><img src="https://m.media-amazon.com/images/I/51SbpSR2zBL._SL500_.jpg" alt="Product Image"></a><p>A-Premium Engine Air Filter Compatible with Chrysler Town & Country & Dodge Grand Caravan & Ram C/V & Volkswagen Routan, 2011-2020, Flexible Panel, Replace# 4861737AA</p><p>$12.99</p><a href="https://www.amazon.com/dp/B0BLYQBDS8?tag=eloabder-20&linkCode=osi&th=1&psc=1">View Product</a></div>
<div class="product"><a href="https://www.amazon.com/dp/B001FCB4JS?tag=eloabder-20&linkCode=osi&th=1&psc=1"><img src="https://m.media-amazon.com/images/I/21wq6fxqiVL._SL500_.jpg" alt="Product Image"></a><p>Dicor BT-1834-1 Butyl Seal Tape - 1/8" x 3/4" x 30' Repair Tape for RV, Trailer, Motorhome, Window, and Vent Sealing</p><p>$13.15 ($0.44 / Foot)</p><a href="https://www.amazon.com/dp/B001FCB4JS?tag=eloabder-20&linkCode=osi&th=1&psc=1">View Product</a></div>
<div class="product"><a href="https://www.amazon.com/dp/B000BUQOD6?tag=eloabder-20&linkCode=osi&th=1&psc=1"><img src="https://m.media-amazon.com/images/I/41O0CoP1L3L._SL500_.jpg" alt="Product Image"></a><p>Camco Camper/RV Toilet Paper | Sewer-Safe, Septic-Safe & Biodegradable | Designed for Camper, Trailer & Marine Sanitation Systems | 1-Ply Tissue | 4 Toilet Paper Rolls – 280 Sheets per Roll (40275)</p><p>$5.99 ($2.14 / 100 Sheets)</p><a href="https://www.amazon.com/dp/B000BUQOD6?tag=eloabder-20&linkCode=osi&th=1&psc=1">View Product</a></div><div class="product"><a href="https://www.amazon.com/dp/B007JG1W1E?tag=eloabder-20&linkCode=osi&th=1&psc=1"><img src="https://m.media-amazon.com/images/I/41i-j99E9ML._SL500_.jpg" alt="Product Image"></a><p>Camco TST Camper / RV Grey Water Odor Control - Removes Grease Buildup in Gray Water Tank, Sink & Shower Drains - 4oz Treats 40-Gal Holding Tank - Safe Septic Tank Treatment - Lemon, 64 oz (40256)</p><p>$19.94 ($0.31 / Fl Oz)</p><a href="https://www.amazon.com/dp/B007JG1W1E?tag=eloabder-20&linkCode=osi&th=1&psc=1">View Product</a></div><div class="product"><a href="https://www.amazon.com/dp/B016V2OSD0?tag=eloabder-20&linkCode=osi&th=1&psc=1"><img src="https://m.media-amazon.com/images/I/31Jm99RYVXL._SL500_.jpg" alt="Product Image"></a><p>Camco TST MAX RV Toilet Treatment Drop-INs | Control Unwanted Odors and Break Down Waste and Tissue | Septic Tank Safe | Lavender Scent | 15-pack (41559)</p><p>$11.97 ($0.80 / Count)</p><a href="https://www.amazon.com/dp/B016V2OSD0?tag=eloabder-20&linkCode=osi&th=1&psc=1">View Product</a></div>






<div class="product"><a href="https://www.amazon.com/dp/B006GJYOL0?tag=eloabder-20&linkCode=osi&th=1&psc=1"><img src="https://m.media-amazon.com/images/I/41YPjiCzDfL._SL500_.jpg" alt="Product Image"></a><p>Boat Bling HS-0128 Hot Sauce Hard Water Spot Remover, Gallon Refill, for Boats, RVs, Powersport Vehicles and More, Black,1 Gallon</p><p>$54.95 ($0.43 / Fl Oz)</p><a href="https://www.amazon.com/dp/B006GJYOL0?tag=eloabder-20&linkCode=osi&th=1&psc=1">View Product</a></div><div class="product"><a href="https://www.amazon.com/dp/B0000AXVCB?tag=eloabder-20&linkCode=osi&th=1&psc=1"><img src="https://m.media-amazon.com/images/I/51gtsDb7zDL._SL500_.jpg" alt="Product Image"></a><p>Meguiar's M4364 Marine/RV Boat Wash - 64 Oz Container</p><p>$13.99 ($0.22 / Fl Oz)</p><a href="https://www.amazon.com/dp/B0000AXVCB?tag=eloabder-20&linkCode=osi&th=1&psc=1">View Product</a></div><div class="product"><a href="https://www.amazon.com/dp/B0007TR47G?tag=eloabder-20&linkCode=osi&th=1&psc=1"><img src="https://m.media-amazon.com/images/I/41Q4SzlVojL._SL500_.jpg" alt="Product Image"></a><p>Meguiar's Flagship Premium Marine Wax, Boat Polish and Oxidation Remover - 32 Oz Bottle</p><p>$21.49</p><a href="https://www.amazon.com/dp/B0007TR47G?tag=eloabder-20&linkCode=osi&th=1&psc=1">View Product</a></div><div class="product"><a href="https://www.amazon.com/dp/B006GJYLFY?tag=eloabder-20&linkCode=osi&th=1&psc=1"><img src="https://m.media-amazon.com/images/I/31G78TSjssL._SL500_.jpg" alt="Product Image"></a><p>Boat Bling Condition Sauce Premium Interior Moisturizer w/UV Protection, 32 oz.</p><p>$27.95</p><a href="https://www.amazon.com/dp/B006GJYLFY?tag=eloabder-20&linkCode=osi&th=1&psc=1">View Product</a></div><div class="product"><a href="https://www.amazon.com/dp/B006GJYKWI?tag=eloabder-20&linkCode=osi&th=1&psc=1"><img src="https://m.media-amazon.com/images/I/41AcDanNz-L._SL500_.jpg" alt="Product Image"></a><p>Boat Bling VS-0032 Vinyl Sauce Premium Vinyl and Leather Cleaner, 32 Oz., for Boats, RVs, Powersport Vehicles and More</p><p>$22.95 ($0.72 / Fl Oz)</p><a href="https://www.amazon.com/dp/B006GJYKWI?tag=eloabder-20&linkCode=osi&th=1&psc=1">View Product</a></div>
<div class="product"><a href="https://www.amazon.com/dp/B004OJTEKK?tag=eloabder-20&linkCode=osi&th=1&psc=1"><img src="https://m.media-amazon.com/images/I/41q8kkNiKOL._SL500_.jpg" alt="Product Image"></a><p>Shurhold Yacht Brite YBP-0302 Brite Wash - 1 Gallon</p><p>$23.97 ($0.19 / Fl Oz)</p><a href="https://www.amazon.com/dp/B004OJTEKK?tag=eloabder-20&linkCode=osi&th=1&psc=1">View Product</a></div>




<div class="product"><a href="https://www.amazon.com/dp/B0B2RDZNZB?tag=eloabder-20&linkCode=osi&th=1&psc=1"><img src="https://m.media-amazon.com/images/I/51RVSUoRuGL._SL500_.jpg" alt="Product Image"></a><p>Fancemot Helicopter Car Air Fresheners Rotating Solar Car Fresheners Airplane Car Perfume (Osmanthus & Vanilla)</p><p>$14.08</p><a href="https://www.amazon.com/dp/B0B2RDZNZB?tag=eloabder-20&linkCode=osi&th=1&psc=1">View Product</a></div><div class="product"><a href="https://www.amazon.com/dp/B0994PG1ZD?tag=eloabder-20&linkCode=osi&th=1&psc=1"><img src="https://m.media-amazon.com/images/I/413er0A8cVS._SL500_.jpg" alt="Product Image"></a><p>NICEADA Car Air Freshener, Helicopter Solar Energy Rotating Aromatherapy Aviation Al Alloy Diffuser, Interior Decoration Accessories Diffuser for Car and Home (Silver)</p><p>$23.99</p><a href="https://www.amazon.com/dp/B0994PG1ZD?tag=eloabder-20&linkCode=osi&th=1&psc=1">View Product</a></div><div class="product"><a href="https://www.amazon.com/dp/B09ZTMZKSJ?tag=eloabder-20&linkCode=osi&th=1&psc=1"><img src="https://m.media-amazon.com/images/I/41rz5PydC9L._SL500_.jpg" alt="Product Image"></a><p>Air Freshener, Gigicloud Car Fragrance Diffuser Solar Rotating Automotive Air Fresheners Ornament Helicopter Shape Solid Aromatherapy Decoration for Car and Home (Black)</p><p>$15.49</p><a href="https://www.amazon.com/dp/B09ZTMZKSJ?tag=eloabder-20&linkCode=osi&th=1&psc=1">View Product</a></div><div class="product"><a href="https://www.amazon.com/dp/B0CWNNPCD3?tag=eloabder-20&linkCode=osi&th=1&psc=1"><img src="https://m.media-amazon.com/images/I/51nznnJJhfL._SL500_.jpg" alt="Product Image"></a><p>Car Air Freshener Diffuser, KaiDengZhe 1PCS Helicopter Solar Energy Rotating Aromatherapy Aviation Al Alloy Diffuser, Car Diffuser for Essential Oils, Relieve Stress and Purifie Odors for Car and Home</p><p>$15.99</p><a href="https://www.amazon.com/dp/B0CWNNPCD3?tag=eloabder-20&linkCode=osi&th=1&psc=1">View Product</a></div><div class="product"><a href="https://www.amazon.com/dp/B0B8T47G65?tag=eloabder-20&linkCode=osi&th=1&psc=1"><img src="https://m.media-amazon.com/images/I/41d6cgVheqL._SL500_.jpg" alt="Product Image"></a><p>Joyfunky Car Air Fresheners with Solar Rotating, Creative Car Perfume Decoration, Relieve Stress and Purifie Odors, Use at Car, office and Home, Silver</p><p>$12.99</p><a href="https://www.amazon.com/dp/B0B8T47G65?tag=eloabder-20&linkCode=osi&th=1&psc=1">View Product</a></div><div class="product"><a href="https://www.amazon.com/dp/B0D4ZHJVK8?tag=eloabder-20&linkCode=osi&th=1&psc=1"><img src="https://m.media-amazon.com/images/I/41sEhsjtb4L._SL500_.jpg" alt="Product Image"></a><p>NICEADA Helicopter Solar Car Air Freshener Refill Set, Solar Essential Oil Refill Perfume Oil for Car Air Fresheners(4 Packs)</p><p>$21.99 ($24.99 / Fl Oz)</p><a href="https://www.amazon.com/dp/B0D4ZHJVK8?tag=eloabder-20&linkCode=osi&th=1&psc=1">View Product</a></div><div class="product"><a href="https://www.amazon.com/dp/B0D251XW47?tag=eloabder-20&linkCode=osi&th=1&psc=1"><img src="https://m.media-amazon.com/images/I/41x6lmNq9fL._SL500_.jpg" alt="Product Image"></a><p>Helicopter Car Air Fresheners with Solar Rotating, Creative Car Perfume Decoration, Car Airplane Fragrance Diffuser for Car, Home, Office (Silver)</p><p>$13.09</p><a href="https://www.amazon.com/dp/B0D251XW47?tag=eloabder-20&linkCode=osi&th=1&psc=1">View Product</a></div>

<div class="product"><a href="https://www.amazon.com/dp/B0D4154TQG?tag=eloabder-20&linkCode=osi&th=1&psc=1"><img src="https://m.media-amazon.com/images/I/217Iw-nO3UL._SL500_.jpg" alt="Product Image"></a><p>RV Curtain Glide Tape A115, 1/2 Inch Glides Clear RV Curtain Strip Curtain Slide Tape 72 Inches Long Use with Ceiling or Wall Mount Curtain Track A201 A202 (2 Pack)</p><p>$17.99</p><a href="https://www.amazon.com/dp/B0D4154TQG?tag=eloabder-20&linkCode=osi&th=1&psc=1">View Product</a></div>
<div class="product"><a href="https://www.amazon.com/dp/B08W4PQN8L?tag=eloabder-20&linkCode=osi&th=1&psc=1"><img src="https://m.media-amazon.com/images/I/41udmrd6QTL._SL500_.jpg" alt="Product Image"></a><p>Hot Air Balloon Novelty Air Freshener for Car - Sandalwood Scented Automotive Accessory New Mexico Souvenir Gift (Pack of 4)</p><p>$7.99 ($2.00 / Count)</p><a href="https://www.amazon.com/dp/B08W4PQN8L?tag=eloabder-20&linkCode=osi&th=1&psc=1">View Product</a></div>















<div class="product"><a href="https://www.amazon.com/dp/B0CP87K2VD?tag=eloabder-20&linkCode=osi&th=1&psc=1"><img src="https://m.media-amazon.com/images/I/41dTH4OPkcL._SL500_.jpg" alt="Product Image"></a><p>For harley air cleaner filter Touring street glide road king electra tri trike Dyna Sportster XL 883 1200 Softail air intake (Drift style -Contrast Cut, C-For Touring 08-16, Softail 16-17)</p><p>$125.00</p><a href="https://www.amazon.com/dp/B0CP87K2VD?tag=eloabder-20&linkCode=osi&th=1&psc=1">View Product</a></div><div class="product"><a href="https://www.amazon.com/dp/B08DNLNY3G?tag=eloabder-20&linkCode=osi&th=1&psc=1"><img src="https://m.media-amazon.com/images/I/51baNj3o8CL._SL500_.jpg" alt="Product Image"></a><p>2963308 HD1508 Ultra Classic Air Filter Cleaner for 2008-2014 Harley Davidson Street Glide, Electra Glide, Road King, Road Glide Custom, Ultra Classic and other select models HD-1508</p><p>$21.99</p><a href="https://www.amazon.com/dp/B08DNLNY3G?tag=eloabder-20&linkCode=osi&th=1&psc=1">View Product</a></div><div class="product"><a href="https://www.amazon.com/dp/B0CQ2KKC3N?tag=eloabder-20&linkCode=osi&th=1&psc=1"><img src="https://m.media-amazon.com/images/I/31W2a0gAwIL._SL500_.jpg" alt="Product Image"></a><p>High-Flo Replacement Air Filter Element For Ventilator - Milwaukee-Eight Engine '18-later Softail and '17-later Touring and Trike Models Equipped with 114 Air Cleaner</p><p>$39.99</p><a href="https://www.amazon.com/dp/B0CQ2KKC3N?tag=eloabder-20&linkCode=osi&th=1&psc=1">View Product</a></div><div class="product"><a href="https://www.amazon.com/dp/B0CPJ5BSGM?tag=eloabder-20&linkCode=osi&th=1&psc=1"><img src="https://m.media-amazon.com/images/I/41cUadnGKpL._SL500_.jpg" alt="Product Image"></a><p>For harley air cleaner filter sportster street road glide king for harley davidson motorcycle air intake (Nake style -Black, A-For Sportster XL models)</p><p>$169.00</p><a href="https://www.amazon.com/dp/B0CPJ5BSGM?tag=eloabder-20&linkCode=osi&th=1&psc=1">View Product</a></div><div class="product"><a href="https://www.amazon.com/dp/B0CR17NS1M?tag=eloabder-20&linkCode=osi&th=1&psc=1"><img src="https://m.media-amazon.com/images/I/41n57oM0A-L._SL500_.jpg" alt="Product Image"></a><p>For harley air cleaner filter Sportster Softail Touring street road king glide Dyna for harley davidson air intake filters (Speed 7 style -gray filter, C-For Touring 08-16, Softail 16-17)</p><p>$89.00</p><a href="https://www.amazon.com/dp/B0CR17NS1M?tag=eloabder-20&linkCode=osi&th=1&psc=1">View Product</a></div><div class="product"><a href="https://www.amazon.com/dp/B0CR167HDN?tag=eloabder-20&linkCode=osi&th=1&psc=1"><img src="https://m.media-amazon.com/images/I/41o4byfzbRL._SL500_.jpg" alt="Product Image"></a><p>For harley davidson air cleaner filter sportster Touring street glide road king electra Dyna Softail motorcycle air intake (Chromed- gray filter, C-For Touring 2008-2016)</p><p>$99.00</p><a href="https://www.amazon.com/dp/B0CR167HDN?tag=eloabder-20&linkCode=osi&th=1&psc=1">View Product</a></div>







<div class="product"><a href="https://www.amazon.com/dp/B08WH8CWDM?tag=eloabder-20&linkCode=osi&th=1&psc=1"><img src="https://m.media-amazon.com/images/I/41Jj3ouB+1L._SL500_.jpg" alt="Product Image"></a><p>Glaze 'N Seal Color Enhancer Paver Sealer, 1 Gallon (923)</p><p>$62.99</p><a href="https://www.amazon.com/dp/B08WH8CWDM?tag=eloabder-20&linkCode=osi&th=1&psc=1">View Product</a></div>

<div class="product"><a href="https://www.amazon.com/dp/B0B58G8WRX?tag=eloabder-20&linkCode=osi&th=1&psc=1"><img src="https://m.media-amazon.com/images/I/41hjxJMTGJL._SL500_.jpg" alt="Product Image"></a><p>Solarhome Air Filter 333-D2696 333D2696 Compatible with JCB Backhoe Loader 3CX 4CX Telehandler 531-70</p><p>$34.50</p><a href="https://www.amazon.com/dp/B0B58G8WRX?tag=eloabder-20&linkCode=osi&th=1&psc=1">View Product</a></div>




<div class="product"><a href="https://www.amazon.com/dp/B07G7XG6BV?tag=eloabder-20&linkCode=osi&th=1&psc=1"><img src="https://m.media-amazon.com/images/I/510tZGutn6L._SL500_.jpg" alt="Product Image"></a><p>Holikme 6Pack Cleaning Brush Power Scrubber Cleaning Brush Extended Long Attachment Set All Purpose Scrub Brushes Kit for Grout, Floor, Tub, Shower, Tile, Bathroom,Car Cleaning Brush，Yellow</p><p>$6.95</p><a href="https://www.amazon.com/dp/B07G7XG6BV?tag=eloabder-20&linkCode=osi&th=1&psc=1">View Product</a></div>



<div class="product"><a href="https://www.amazon.com/dp/B000FW2NWQ?tag=eloabder-20&linkCode=osi&th=1&psc=1"><img src="https://m.media-amazon.com/images/I/31VlBDw7uDL._SL500_.jpg" alt="Product Image"></a><p>Performance Tool W233 12-Inch Long Reach Extension Scraper with 3pc Double Edged Plastic Razor Scraper Blades and 3pc Carbon Steel Razor Scraper Blades</p><p>$10.31</p><a href="https://www.amazon.com/dp/B000FW2NWQ?tag=eloabder-20&linkCode=osi&th=1&psc=1">View Product</a></div>
<div class="product"><a href="https://www.amazon.com/dp/B0BV2CQ5SW?tag=eloabder-20&linkCode=osi&th=1&psc=1"><img src="https://m.media-amazon.com/images/I/51VkTDjGg4L._SL500_.jpg" alt="Product Image"></a><p>Filterelated Mixed Bed Deionized Di Resin Filter Fill, Suitable For Spotless Car Wash System Filter Change, Tds Filter, Aquarium Filter, Deionized Car Wash,5 Liters</p><p>$49.99</p><a href="https://www.amazon.com/dp/B0BV2CQ5SW?tag=eloabder-20&linkCode=osi&th=1&psc=1">View Product</a></div><div class="product"><a href="https://www.amazon.com/dp/B01MRVQ9UE?tag=eloabder-20&linkCode=osi&th=1&psc=1"><img src="https://m.media-amazon.com/images/I/51+i6fjU6tL._SL500_.jpg" alt="Product Image"></a><p>Husqvarna XP Pre-Mixed Fuel and Engine Oil Quart (3 Pack),Blue</p><p>$32.99 ($0.34 / Count)</p><a href="https://www.amazon.com/dp/B01MRVQ9UE?tag=eloabder-20&linkCode=osi&th=1&psc=1">View Product</a></div>




<div class="product"><a href="https://www.amazon.com/dp/B01N2G2NEJ?tag=eloabder-20&linkCode=osi&th=1&psc=1"><img src="https://m.media-amazon.com/images/I/41-5g4zEDpL._SL500_.jpg" alt="Product Image"></a><p>Chemical Guys SPI10816 Heavy Duty Water Spot Remover, Safe for Cars, Trucks, Motorcycles, RVs & More, 16 fl oz</p><p>$17.97 ($1.12 / Fl Oz)</p><a href="https://www.amazon.com/dp/B01N2G2NEJ?tag=eloabder-20&linkCode=osi&th=1&psc=1">View Product</a></div>









<div class="product"><a href="https://www.amazon.com/dp/B08YRVH2QV?tag=eloabder-20&linkCode=osi&th=1&psc=1"><img src="https://m.media-amazon.com/images/I/5164O-Jr2QL._SL500_.jpg" alt="Product Image"></a><p>Thetford AquaMAX Summer Cypress Scent RV Holding Tank Treatment, Formaldehyde Free, Waste Digester, Septic Tank Safe, 5 Gallon Bottle (96754)</p><p>$248.18</p><a href="https://www.amazon.com/dp/B08YRVH2QV?tag=eloabder-20&linkCode=osi&th=1&psc=1">View Product</a></div><div class="product"><a href="https://www.amazon.com/dp/B0BPMW7485?tag=eloabder-20&linkCode=osi&th=1&psc=1"><img src="https://m.media-amazon.com/images/I/51WNuQeew7L._SL500_.jpg" alt="Product Image"></a><p>XFasten Butyl Tape Black 1/2” x 30’ x 1/8" Butyl Sealant Tape Headlight Sealant Putty Tape | Black Butyl Caulking Tape | Butyl Tape RV Putty Tape EPDM Automotive Butyl Rubber Window Sealant for RV</p><p>$13.99 ($0.47 / Foot)</p><a href="https://www.amazon.com/dp/B0BPMW7485?tag=eloabder-20&linkCode=osi&th=1&psc=1">View Product</a></div>
<div class="product"><a href="https://www.amazon.com/dp/B006DXWZQU?tag=eloabder-20&linkCode=osi&th=1&psc=1"><img src="https://m.media-amazon.com/images/I/41wtqfFFfQL._SL500_.jpg" alt="Product Image"></a><p>FRAM Ultra Synthetic Automotive Replacement Oil Filter, Designed for Synthetic Oil Changes Lasting up to 20k Miles, XG10575 with SureGrip (Pack of 1)</p><p>$10.79</p><a href="https://www.amazon.com/dp/B006DXWZQU?tag=eloabder-20&linkCode=osi&th=1&psc=1">View Product</a></div><div class="product"><a href="https://www.amazon.com/dp/B01LH7L0XA?tag=eloabder-20&linkCode=osi&th=1&psc=1"><img src="https://m.media-amazon.com/images/I/41yD3QmbyZL._SL500_.jpg" alt="Product Image"></a><p>Shell Rotella T4 Triple Protection Conventional 15W-40 Diesel Engine Oil (1-Gallon, Single Pack)</p><p>$15.98 ($0.12 / Fl Oz)</p><a href="https://www.amazon.com/dp/B01LH7L0XA?tag=eloabder-20&linkCode=osi&th=1&psc=1">View Product</a></div><div class="product"><a href="https://www.amazon.com/dp/B00ICSWGJ0?tag=eloabder-20&linkCode=osi&th=1&psc=1"><img src="https://m.media-amazon.com/images/I/41Ahz5dVc5L._SL500_.jpg" alt="Product Image"></a><p>Castrol Edge 5W-30 Advanced Full Synthetic Motor Oil, 5 Quarts</p><p>$24.72 ($0.15 / Fl Oz)</p><a href="https://www.amazon.com/dp/B00ICSWGJ0?tag=eloabder-20&linkCode=osi&th=1&psc=1">View Product</a></div><div class="product"><a href="https://www.amazon.com/dp/B01N8RPDT8?tag=eloabder-20&linkCode=osi&th=1&psc=1"><img src="https://m.media-amazon.com/images/I/41Qm+9e8sCL._SL500_.jpg" alt="Product Image"></a><p>Motorcraft - Oil - Engine (XO10W305Q3SD)</p><p>$32.27</p><a href="https://www.amazon.com/dp/B01N8RPDT8?tag=eloabder-20&linkCode=osi&th=1&psc=1">View Product</a></div>
<div class="product"><a href="https://www.amazon.com/dp/B07FTRZLM5?tag=eloabder-20&linkCode=osi&th=1&psc=1"><img src="https://m.media-amazon.com/images/I/416uoNYOsXL._SL500_.jpg" alt="Product Image"></a><p>Chemical Guys HOL126 14-Piece Arsenal Builder Car Wash Kit with Foam Gun, Bucket, and (5) 16 oz Car Care Cleaning Chemicals, Gift for Car & Truck Lovers, Dads and DIYers (Works w/Garden Hose)</p><p>$119.99</p><a href="https://www.amazon.com/dp/B07FTRZLM5?tag=eloabder-20&linkCode=osi&th=1&psc=1">View Product</a></div><div class="product"><a href="https://www.amazon.com/dp/B0741RL23Q?tag=eloabder-20&linkCode=osi&th=1&psc=1"><img src="https://m.media-amazon.com/images/I/410wwKZBYVL._SL500_.jpg" alt="Product Image"></a><p>Chemical Guys SPI220 Total Interior Cleaner and Protectant, Safe for Cars, Trucks, SUVs, Jeeps, Motorcycles, RVs & More, 128 fl oz (1 Gallon)</p><p>$54.99 ($0.43 / Fl Oz)</p><a href="https://www.amazon.com/dp/B0741RL23Q?tag=eloabder-20&linkCode=osi&th=1&psc=1">View Product</a></div><div class="product"><a href="https://www.amazon.com/dp/B002J7VX4Y?tag=eloabder-20&linkCode=osi&th=1&psc=1"><img src="https://m.media-amazon.com/images/I/41oijnffQ0L._SL500_.jpg" alt="Product Image"></a><p>Chemical Guys AIR_101_16 New Car Smell Premium Air Freshener and Odor Eliminator, Long-Lasting Scent, Great for Cars, Trucks, SUVs, RVs & More, 16 fl oz</p><p>$10.99 ($0.69 / Fl Oz)</p><a href="https://www.amazon.com/dp/B002J7VX4Y?tag=eloabder-20&linkCode=osi&th=1&psc=1">View Product</a></div><div class="product"><a href="https://www.amazon.com/dp/B077TPG55M?tag=eloabder-20&linkCode=osi&th=1&psc=1"><img src="https://m.media-amazon.com/images/I/51aYksYRthL._SL500_.jpg" alt="Product Image"></a><p>Chemical Guys CWS20264 Tough Mudder Foaming Truck, Off Road, ATV and RV Heavy Duty Wash Soap,(Works with Foam Cannons, Foam Guns or Bucket Washes), 64 fl oz (Half Gallon), Lemon Scent</p><p>$39.99 ($0.62 / Fl Oz)</p><a href="https://www.amazon.com/dp/B077TPG55M?tag=eloabder-20&linkCode=osi&th=1&psc=1">View Product</a></div><div class="product"><a href="https://www.amazon.com/dp/B00BJCAPEE?tag=eloabder-20&linkCode=osi&th=1&psc=1"><img src="https://m.media-amazon.com/images/I/416RIPKVW1L._SL500_.jpg" alt="Product Image"></a><p>Chemical Guys CWS_402 Mr. Pink Foaming Car Wash Soap (Works with Foam Cannons, Foam Guns or Bucket Washes) Safe for Cars, Trucks, Motorcycles, RVs & More, 128 fl oz, Candy Scent</p><p>$39.99 ($0.31 / Fl Oz)</p><a href="https://www.amazon.com/dp/B00BJCAPEE?tag=eloabder-20&linkCode=osi&th=1&psc=1">View Product</a></div><div class="product"><a href="https://www.amazon.com/dp/B01C6AISUK?tag=eloabder-20&linkCode=osi&th=1&psc=1"><img src="https://m.media-amazon.com/images/I/41FrDCDPB6S._SL500_.jpg" alt="Product Image"></a><p>Chemical Guys CLD_700_16 Mat Renew Rubber + Vinyl Floor Mat Cleaner And Protectant, Safe for Cars, Trucks, SUVs, Motorcycles, RVs & More, 16 fl oz</p><p>$10.99 ($0.69 / Fl Oz)</p><a href="https://www.amazon.com/dp/B01C6AISUK?tag=eloabder-20&linkCode=osi&th=1&psc=1">View Product</a></div><div class="product"><a href="https://www.amazon.com/dp/B01N76S0A7?tag=eloabder-20&linkCode=osi&th=1&psc=1"><img src="https://m.media-amazon.com/images/I/51jurhYPCgL._SL500_.jpg" alt="Product Image"></a><p>Chemical Guys HOL131 Premium Chenille Microfiber Car Wash Mop and Heavy Duty Extendable Pole Kit (Great for RVs, Trucks, SUVs, Jeeps & Large Vehicles), With Mr. Pink Foaming Car Wash Soap - 4 fl oz</p><p>$49.99</p><a href="https://www.amazon.com/dp/B01N76S0A7?tag=eloabder-20&linkCode=osi&th=1&psc=1">View Product</a></div><div class="product"><a href="https://www.amazon.com/dp/B009OTW646?tag=eloabder-20&linkCode=osi&th=1&psc=1"><img src="https://m.media-amazon.com/images/I/41lG36UqLBL._SL500_.jpg" alt="Product Image"></a><p>Chemical Guys CWS 110 Honeydew Snow Foam Car Wash Soap (Works with Foam Cannons, Guns or Bucket Washes) Safe for Trucks, Motorcycles, RVs & More, 128 fl oz (1 Gallon), Honeydew Scent</p><p>$39.99 ($0.31 / Fl Oz)</p><a href="https://www.amazon.com/dp/B009OTW646?tag=eloabder-20&linkCode=osi&th=1&psc=1">View Product</a></div><div class="product"><a href="https://www.amazon.com/dp/B08P54Z2C2?tag=eloabder-20&linkCode=osi&th=1&psc=1"><img src="https://m.media-amazon.com/images/I/41Ra65iS2OL._SL500_.jpg" alt="Product Image"></a><p>Chemical Guys WAC23316 HydroSpeed Ceramic Quick Detailer, Safe for Cars, Trucks, SUVs, Motorcycles, RVs & More, 16 fl oz</p><p>$24.99</p><a href="https://www.amazon.com/dp/B08P54Z2C2?tag=eloabder-20&linkCode=osi&th=1&psc=1">View Product</a></div>
<div class="product"><a href="https://www.amazon.com/dp/B0C7WLPQC7?tag=eloabder-20&linkCode=osi&th=1&psc=1"><img src="https://m.media-amazon.com/images/I/41hJeSxsSWL._SL500_.jpg" alt="Product Image"></a><p>Detail King Car Odor Removal - Chlorine Dioxide Cup - Extreme Odor Eliminator For Car - Safe And Easy To Use (3 Oz (Pack of 1) - Plastic)</p><p>$24.95 ($8.32 / Ounce)</p><a href="https://www.amazon.com/dp/B0C7WLPQC7?tag=eloabder-20&linkCode=osi&th=1&psc=1">View Product</a></div>

<div class="product"><a href="https://www.amazon.com/dp/B0052XFWCG?tag=eloabder-20&linkCode=osi&th=1&psc=1"><img src="https://m.media-amazon.com/images/I/41qajeJVXLL._SL500_.jpg" alt="Product Image"></a><p>Hot Shot's Secret HSS64Z Original Stiction Eliminator 64 Fluid Ounce Bottle, Green</p><p>$53.45 ($0.84 / Fl Oz)</p><a href="https://www.amazon.com/dp/B0052XFWCG?tag=eloabder-20&linkCode=osi&th=1&psc=1">View Product</a></div><div class="product"><a href="https://www.amazon.com/dp/B009M64CAW?tag=eloabder-20&linkCode=osi&th=1&psc=1"><img src="https://m.media-amazon.com/images/I/417D8X0nkBL._SL500_.jpg" alt="Product Image"></a><p>Lucas Oil 10679 Hot Rod & Classic Car SAE 10W-30 Motor Oil - 5 Quart</p><p>$38.50 ($0.24 / Fl Oz)</p><a href="https://www.amazon.com/dp/B009M64CAW?tag=eloabder-20&linkCode=osi&th=1&psc=1">View Product</a></div><div class="product"><a href="https://www.amazon.com/dp/B01L9ARY9O?tag=eloabder-20&linkCode=osi&th=1&psc=1"><img src="https://m.media-amazon.com/images/I/51yaZAYH75L._SL500_.jpg" alt="Product Image"></a><p>FPPF Chemical Co 00161 16 OZ HOT 4-in-1 Heating Oil Treatment (2 Bottles)</p><p>$26.42</p><a href="https://www.amazon.com/dp/B01L9ARY9O?tag=eloabder-20&linkCode=osi&th=1&psc=1">View Product</a></div><div class="product"><a href="https://www.amazon.com/dp/B009M64CUM?tag=eloabder-20&linkCode=osi&th=1&psc=1"><img src="https://m.media-amazon.com/images/I/41yiWaF8YQL._SL500_.jpg" alt="Product Image"></a><p>Lucas Oil 10683 Hot Rod & Classic Car SAE 10W-40 Motor Oil - 5 Quart</p><p>$43.24 ($0.27 / Fl Oz)</p><a href="https://www.amazon.com/dp/B009M64CUM?tag=eloabder-20&linkCode=osi&th=1&psc=1">View Product</a></div><div class="product"><a href="https://www.amazon.com/dp/B0973HNRH9?tag=eloabder-20&linkCode=osi&th=1&psc=1"><img src="https://m.media-amazon.com/images/I/41kyGGJa--L._SL500_.jpg" alt="Product Image"></a><p>Hot Shot's Secret FR3 Friction Reducer 64 Fluid Ounce 2 Quarts, Light Yellow Liquid, (HSSFR364Z)</p><p>$59.73 ($0.93 / Fl Oz)</p><a href="https://www.amazon.com/dp/B0973HNRH9?tag=eloabder-20&linkCode=osi&th=1&psc=1">View Product</a></div><div class="product"><a href="https://www.amazon.com/dp/B082YFQQ25?tag=eloabder-20&linkCode=osi&th=1&psc=1"><img src="https://m.media-amazon.com/images/I/511PTX7LlZL._SL500_.jpg" alt="Product Image"></a><p>Hot Shot's Secret Green Diamond 100 Percent Synthetic 15W40 Oil Diesel 1 Gallon</p><p>$39.99 ($0.31 / Fl Oz)</p><a href="https://www.amazon.com/dp/B082YFQQ25?tag=eloabder-20&linkCode=osi&th=1&psc=1">View Product</a></div>















<div class="product"><a href="https://www.amazon.com/dp/B08PTMXCJL?tag=eloabder-20&linkCode=osi&th=1&psc=1"><img src="https://m.media-amazon.com/images/I/410eJv-7UHL._SL500_.jpg" alt="Product Image"></a><p>Moly Grease | 3% Molybdenum Disulfide | Fifth Wheel | 5th | Automotive | Tractor | Axle | Spline | CV Joint | Lithium EP Grease | High Temp | 35 LB Pail Bucket | Black Moly | NLGI 2 | HeavyDuty Moly</p><p>$174.99 ($0.31 / Ounce)</p><a href="https://www.amazon.com/dp/B08PTMXCJL?tag=eloabder-20&linkCode=osi&th=1&psc=1">View Product</a></div><div class="product"><a href="https://www.amazon.com/dp/B08PTHJTK5?tag=eloabder-20&linkCode=osi&th=1&psc=1"><img src="https://m.media-amazon.com/images/I/41VdMjJ38aL._SL500_.jpg" alt="Product Image"></a><p>Wheel Bearing Grease Pail | Lithium Complex | High Temp EP | CV Joint | Axle | Automotive | Tractor | Truck | Ball Joint | Marine Boat | Gear | Heavy Duty | Blue | 35 LB Bucket | NLGI 2 | MultiPurpose</p><p>$167.99 ($0.30 / Ounce)</p><a href="https://www.amazon.com/dp/B08PTHJTK5?tag=eloabder-20&linkCode=osi&th=1&psc=1">View Product</a></div><div class="product"><a href="https://www.amazon.com/dp/B0013J1UA6?tag=eloabder-20&linkCode=osi&th=1&psc=1"><img src="https://m.media-amazon.com/images/I/41G0Fkf7KnL._SL500_.jpg" alt="Product Image"></a><p>CRC Food Grade Chain Lube 03055 – 12 Wt. Oz. Aerosol, NSF H1 Gear, Chain, and Wire Lubricant</p><p>$19.25 ($1.60 / Ounce)</p><a href="https://www.amazon.com/dp/B0013J1UA6?tag=eloabder-20&linkCode=osi&th=1&psc=1">View Product</a></div>





<div class="product"><a href="https://www.amazon.com/dp/B08GQ9G2V5?tag=eloabder-20&linkCode=osi&th=1&psc=1"><img src="https://m.media-amazon.com/images/I/511+rapOlWL._SL500_.jpg" alt="Product Image"></a><p>Armor All Car Air Freshener and Purifier, Car Odor Eliminator, 1.5 Ounce (Pack of 3)</p><p>$21.21 ($4.71 / Ounce)</p><a href="https://www.amazon.com/dp/B08GQ9G2V5?tag=eloabder-20&linkCode=osi&th=1&psc=1">View Product</a></div>







<div class="product"><a href="https://www.amazon.com/dp/B001229JCU?tag=eloabder-20&linkCode=osi&th=1&psc=1"><img src="https://m.media-amazon.com/images/I/31W6FuKPMcL._SL500_.jpg" alt="Product Image"></a><p>First Alert EZ Fire Spray, Extinguishing Aerosol Spray, AF400 Red 18 Ounce (Pack of 1)</p><p>$12.49</p><a href="https://www.amazon.com/dp/B001229JCU?tag=eloabder-20&linkCode=osi&th=1&psc=1">View Product</a></div><div class="product"><a href="https://www.amazon.com/dp/B002U0KGDY?tag=eloabder-20&linkCode=osi&th=1&psc=1"><img src="https://m.media-amazon.com/images/I/51p6R+mcRhL._SL500_.jpg" alt="Product Image"></a><p>First Alert EZ Fire Spray, Extinguishing Aerosol Spray, Pack of 2, AF400-2, RED</p><p>$27.02</p><a href="https://www.amazon.com/dp/B002U0KGDY?tag=eloabder-20&linkCode=osi&th=1&psc=1">View Product</a></div>
<div class="product"><a href="https://www.amazon.com/dp/B0088LVBUQ?tag=eloabder-20&linkCode=osi&th=1&psc=1"><img src="https://m.media-amazon.com/images/I/31h7l-l6u2L._SL500_.jpg" alt="Product Image"></a><p>Seymour EN-59 Hi-Tech Engine Spray Paint, General Motors Red</p><p>$9.08 ($0.76 / Ounce)</p><a href="https://www.amazon.com/dp/B0088LVBUQ?tag=eloabder-20&linkCode=osi&th=1&psc=1">View Product</a></div>




<div class="product"><a href="https://www.amazon.com/dp/B000HBNU9K?tag=eloabder-20&linkCode=osi&th=1&psc=1"><img src="https://m.media-amazon.com/images/I/41URzfKaVsL._SL500_.jpg" alt="Product Image"></a><p>Permatex 27828 Body Shop Heavy Duty Headliner Adhesive, High-Strength Spray Adhesive, Repair Detached Or Loose Interior Parts, Dries Clear, Aerosol Can, 16.75 Oz</p><p>$17.05 ($1.02 / Ounce)</p><a href="https://www.amazon.com/dp/B000HBNU9K?tag=eloabder-20&linkCode=osi&th=1&psc=1">View Product</a></div><div class="product"><a href="https://www.amazon.com/dp/B001VXXEXU?tag=eloabder-20&linkCode=osi&th=1&psc=1"><img src="https://m.media-amazon.com/images/I/5112onMwzaL._SL500_.jpg" alt="Product Image"></a><p>Vibra-TITE 213 Red VC-3 Original Threadmate, 250ml Can</p><p>$99.19</p><a href="https://www.amazon.com/dp/B001VXXEXU?tag=eloabder-20&linkCode=osi&th=1&psc=1">View Product</a></div><div class="product"><a href="https://www.amazon.com/dp/B0CWPSLTR1?tag=eloabder-20&linkCode=osi&th=1&psc=1"><img src="https://m.media-amazon.com/images/I/31ytleZjjaL._SL500_.jpg" alt="Product Image"></a><p>P & S PROFESSIONAL DETAIL PRODUCTS - Terminator Enzyme Spot and Stain Remover - Perfect for Deodorizing, Removing Embedded Soils, Grease, Dirt, and Protein-Based Stains; Fresh Scent (1 Quart)</p><p>$25.95 ($0.81 / Fl Oz)</p><a href="https://www.amazon.com/dp/B0CWPSLTR1?tag=eloabder-20&linkCode=osi&th=1&psc=1">View Product</a></div><div class="product"><a href="https://www.amazon.com/dp/B07GFNQL9H?tag=eloabder-20&linkCode=osi&th=1&psc=1"><img src="https://m.media-amazon.com/images/I/41AA3Nbt8OL._SL500_.jpg" alt="Product Image"></a><p>Gunk FEB1 Foamy Engine Brite Engine Cleaner - 17oz. 2 Pack</p><p>$17.95 ($0.53 / Ounce)</p><a href="https://www.amazon.com/dp/B07GFNQL9H?tag=eloabder-20&linkCode=osi&th=1&psc=1">View Product</a></div>



<div class="product"><a href="https://www.amazon.com/dp/B003SKCARK?tag=eloabder-20&linkCode=osi&th=1&psc=1"><img src="https://m.media-amazon.com/images/I/41rvU5irgRL._SL500_.jpg" alt="Product Image"></a><p>Obenauf's Heavy Duty LP Leather Preservative (4oz)- All Natural Beeswax Oil Conditioner- Rejuvenate Restore & Preserve Sunfaded or Cracked Boots Jackets Saddles Car Auto Upholstery Furniture- USA Made</p><p>$15.99</p><a href="https://www.amazon.com/dp/B003SKCARK?tag=eloabder-20&linkCode=osi&th=1&psc=1">View Product</a></div>
Aucun résultat trouvé.

<div class="product"><a href="https://www.amazon.com/dp/B0CLWDDWHX?tag=eloabder-20&linkCode=osi&th=1&psc=1"><img src="https://m.media-amazon.com/images/I/51HPMtia03L._SL500_.jpg" alt="Product Image"></a><p>Fire Fix Fire Extinguisher for Home 5-Pack | Made in USA | Emergency Fire Spray Foam for Apartment, Boat, Camping, Car, House, Kitchen & Vehicle | Safety & Survival | Compact, Small, Safe & Easy Use</p><p>$56.95</p><a href="https://www.amazon.com/dp/B0CLWDDWHX?tag=eloabder-20&linkCode=osi&th=1&psc=1">View Product</a></div><div class="product"><a href="https://www.amazon.com/dp/B0CKZF9H3D?tag=eloabder-20&linkCode=osi&th=1&psc=1"><img src="https://m.media-amazon.com/images/I/41+Q4YdByuL._SL500_.jpg" alt="Product Image"></a><p>Firexo All Fires Fire Extinguisher - Multipurpose Mini Aerosol - Pack of 6 - Home, Kitchen, Car, Garage, Boat, Caravan, Camping Household, ABC, Vehicle, Compact, RV, Emergency Equipment (0.1 Gal)</p><p>$139.99</p><a href="https://www.amazon.com/dp/B0CKZF9H3D?tag=eloabder-20&linkCode=osi&th=1&psc=1">View Product</a></div>
Aucun résultat trouvé.
Aucun résultat trouvé.






<div class="product"><a href="https://www.amazon.com/dp/B00FOKOKMU?tag=eloabder-20&linkCode=osi&th=1&psc=1"><img src="https://m.media-amazon.com/images/I/41KsUW-6WOL._SL500_.jpg" alt="Product Image"></a><p>The Original Leather Recoloring Balm by Furniture Clinic - 16 Colors - Leather Repair Kit for Furniture - Restore Couches, Car Seats & More - Leather Dye for Scratched and Faded Leather (Beige)</p><p>$29.95</p><a href="https://www.amazon.com/dp/B00FOKOKMU?tag=eloabder-20&linkCode=osi&th=1&psc=1">View Product</a></div>


<div class="product"><a href="https://www.amazon.com/dp/B0BQX6CPLS?tag=eloabder-20&linkCode=osi&th=1&psc=1"><img src="https://m.media-amazon.com/images/I/51OtuHOIJpL._SL500_.jpg" alt="Product Image"></a><p>Dry Stop Fire Spray by Prepared Hero - 8 Pack - Portable Fire Extinguisher for Home, Car, Garage, Kitchen - Works on Electrical, Grease, Battery Fires & More - Compact, Easy to Use</p><p>$143.99</p><a href="https://www.amazon.com/dp/B0BQX6CPLS?tag=eloabder-20&linkCode=osi&th=1&psc=1">View Product</a></div><div class="product"><a href="https://www.amazon.com/dp/B0BQX76B9K?tag=eloabder-20&linkCode=osi&th=1&psc=1"><img src="https://m.media-amazon.com/images/I/51iHCSuHw5L._SL500_.jpg" alt="Product Image"></a><p>Vapor Clean Fire Spray by Prepared Hero - 8 Pack - Portable Fire Extinguisher for Home, Car, Garage, Kitchen - Works on Electrical, Grease, Battery Fires & More - Compact, Easy to Use</p><p>$143.99</p><a href="https://www.amazon.com/dp/B0BQX76B9K?tag=eloabder-20&linkCode=osi&th=1&psc=1">View Product</a></div><div class="product"><a href="https://www.amazon.com/dp/B0C32NVZJZ?tag=eloabder-20&linkCode=osi&th=1&psc=1"><img src="https://m.media-amazon.com/images/I/61coxTM3mSL._SL500_.jpg" alt="Product Image"></a><p>Houandg Water-Based Fire Extinguisher- 2 Pack Portable Solution for All Fire Types in Homes, Vehicles, Kitchens - Prevents Re-Ignition</p><p>$33.98</p><a href="https://www.amazon.com/dp/B0C32NVZJZ?tag=eloabder-20&linkCode=osi&th=1&psc=1">View Product</a></div>
<div class="product"><a href="https://www.amazon.com/dp/B00L3W1OAO?tag=eloabder-20&linkCode=osi&th=1&psc=1"><img src="https://m.media-amazon.com/images/I/414uILMLuaL._SL500_.jpg" alt="Product Image"></a><p>Pro F/X Rubber Mask Grease Wheel - 1 Ounce - Trauma</p><p>$27.01</p><a href="https://www.amazon.com/dp/B00L3W1OAO?tag=eloabder-20&linkCode=osi&th=1&psc=1">View Product</a></div>
<div class="product"><a href="https://www.amazon.com/dp/B0CZ16SHCH?tag=eloabder-20&linkCode=osi&th=1&psc=1"><img src="https://m.media-amazon.com/images/I/31pYxaz4gYL._SL500_.jpg" alt="Product Image"></a><p>P & S PROFESSIONAL DETAIL PRODUCTS - Rehab - Paint Correction Creme Safe for All Paint Types and with Multiple pad Types - Easy-to-use-Formula Works at Any Stage of Paint Correction - 1 Quart</p><p>$56.95</p><a href="https://www.amazon.com/dp/B0CZ16SHCH?tag=eloabder-20&linkCode=osi&th=1&psc=1">View Product</a></div><div class="product"><a href="https://www.amazon.com/dp/B082BG8HLX?tag=eloabder-20&linkCode=osi&th=1&psc=1"><img src="https://m.media-amazon.com/images/I/31OAXbv7QFL._SL500_.jpg" alt="Product Image"></a><p>Lithium Auto Elixirs Color Crush- A rather intense approach to an Instant Detailer, Infused with color enhancing technology - Extremely Hydrophobic ingredients, long lasting Instant Detailer</p><p>$19.95 ($1.25 / Fl Oz)</p><a href="https://www.amazon.com/dp/B082BG8HLX?tag=eloabder-20&linkCode=osi&th=1&psc=1">View Product</a></div><div class="product"><a href="https://www.amazon.com/dp/B07MTPWZ76?tag=eloabder-20&linkCode=osi&th=1&psc=1"><img src="https://m.media-amazon.com/images/I/41v5yubrqoL._SL500_.jpg" alt="Product Image"></a><p>Lithium Seal and Squeal Paint Sealant/Polish - Incredible Shine and Lasting Protection - Curable Amino Functional Polymers Fused with Si02 Ceramic Nano Technology -Lasts for up to 12 Months (16 oz)</p><p>$39.99 ($2.50 / Ounce)</p><a href="https://www.amazon.com/dp/B07MTPWZ76?tag=eloabder-20&linkCode=osi&th=1&psc=1">View Product</a></div><div class="product"><a href="https://www.amazon.com/dp/B07MVNX377?tag=eloabder-20&linkCode=osi&th=1&psc=1"><img src="https://m.media-amazon.com/images/I/31gEqFf7rhL._SL500_.jpg" alt="Product Image"></a><p>Leather Love - The Best Leather Conditioner On The Planet, Brings Old Leather Back To Life, All Natural Ingredients Mixed With Serious Science, Restores, Rehydrates, Protects (8oz)</p><p>$28.99 ($3.62 / Ounce)</p><a href="https://www.amazon.com/dp/B07MVNX377?tag=eloabder-20&linkCode=osi&th=1&psc=1">View Product</a></div><div class="product"><a href="https://www.amazon.com/dp/B07MTQP514?tag=eloabder-20&linkCode=osi&th=1&psc=1"><img src="https://m.media-amazon.com/images/I/311IYwH-oaL._SL500_.jpg" alt="Product Image"></a><p>Trim Serum- Plastic Restorer- Restores Even the Most Damaged Plastic, Rubber and Vinyl, Last For Months, Penetrates Plastic Pores Restoring Color. (16 Oz)</p><p>$36.99</p><a href="https://www.amazon.com/dp/B07MTQP514?tag=eloabder-20&linkCode=osi&th=1&psc=1">View Product</a></div><div class="product"><a href="https://www.amazon.com/dp/B07236X7TS?tag=eloabder-20&linkCode=osi&th=1&psc=1"><img src="https://m.media-amazon.com/images/I/51-mgxYD9kL._SL500_.jpg" alt="Product Image"></a><p>Skidmore's Biker Edition Leather Cream | All Natural Formula Cleans, Conditions, and Protects your Motorcycle | Made in USA</p><p>$44.98</p><a href="https://www.amazon.com/dp/B07236X7TS?tag=eloabder-20&linkCode=osi&th=1&psc=1">View Product</a></div><div class="product"><a href="https://www.amazon.com/dp/B001CS6HH4?tag=eloabder-20&linkCode=osi&th=1&psc=1"><img src="https://m.media-amazon.com/images/I/41wY0SB+DWL._SL500_.jpg" alt="Product Image"></a><p>Fiebing's Yellow Saddle Soap for Leather (3.5 oz Tin) - Leather Cleaner & Conditioner to Soften, Protect & Restore Leathercraft - Leather Soap for Car Seat, Couch, Shoe, Purse, Boot, Bag, & Saddles</p><p>$7.15 ($2.04 / Ounce)</p><a href="https://www.amazon.com/dp/B001CS6HH4?tag=eloabder-20&linkCode=osi&th=1&psc=1">View Product</a></div><div class="product"><a href="https://www.amazon.com/dp/B08RHZ1BKD?tag=eloabder-20&linkCode=osi&th=1&psc=1"><img src="https://m.media-amazon.com/images/I/21WKh31c4tL._SL500_.jpg" alt="Product Image"></a><p>Lithium Ignite After Wash - Conditions and Shines Surfaces as You Dry. Streak-Free Hydrophobic Formula adds Lubrication to Stop Micro Scratching While Surfaces pop with Color.</p><p>$21.99 ($1.37 / Fl Oz)</p><a href="https://www.amazon.com/dp/B08RHZ1BKD?tag=eloabder-20&linkCode=osi&th=1&psc=1">View Product</a></div><div class="product"><a href="https://www.amazon.com/dp/B0003A1T3E?tag=eloabder-20&linkCode=osi&th=1&psc=1"><img src="https://m.media-amazon.com/images/I/41042PKJ1ZL._SL500_.jpg" alt="Product Image"></a><p>URAD One step All-In-One Leather conditioner 140g - NEUTRAL</p><p>$16.13</p><a href="https://www.amazon.com/dp/B0003A1T3E?tag=eloabder-20&linkCode=osi&th=1&psc=1">View Product</a></div>

<div class="product"><a href="https://www.amazon.com/dp/B0B3NFH3QY?tag=eloabder-20&linkCode=osi&th=1&psc=1"><img src="https://m.media-amazon.com/images/I/51sKVZnP-WL._SL500_.jpg" alt="Product Image"></a><p>Little Joe 96427-6PK I Love Hockey New Car Scent Red Car Air Freshener A/C Vent Clip Uses Alcohol-Free Fragrance Oil is Non-Hazardous and Non-Toxic Plastic, Pack of 6</p><p>$21.99 ($3.66 / Count)</p><a href="https://www.amazon.com/dp/B0B3NFH3QY?tag=eloabder-20&linkCode=osi&th=1&psc=1">View Product</a></div><div class="product"><a href="https://www.amazon.com/dp/B072275K82?tag=eloabder-20&linkCode=osi&th=1&psc=1"><img src="https://m.media-amazon.com/images/I/41wDnF6SiAL._SL500_.jpg" alt="Product Image"></a><p>Little Joe 96404-6PK Fruit Scent, Car Air Freshener, Clips to A/C Air Vent, Alcohol-Free Fragrance Oil, Non-Hazardous and Non-Toxic Plastic, Set of 6</p><p>$16.60 ($2.77 / Count)</p><a href="https://www.amazon.com/dp/B072275K82?tag=eloabder-20&linkCode=osi&th=1&psc=1">View Product</a></div><div class="product"><a href="https://www.amazon.com/dp/B0CQPQ2S4W?tag=eloabder-20&linkCode=osi&th=1&psc=1"><img src="https://m.media-amazon.com/images/I/31iRknmvjeL._SL500_.jpg" alt="Product Image"></a><p>Little Pup 96613 Blue Raspberry Slushy Scent Car Air Freshener A/C Vent Clip Uses Alcohol-Free Fragrance Oil is Non Hazardous and Non Toxic, Pack of 1</p><p>$3.94</p><a href="https://www.amazon.com/dp/B0CQPQ2S4W?tag=eloabder-20&linkCode=osi&th=1&psc=1">View Product</a></div><div class="product"><a href="https://www.amazon.com/dp/B0CQPNMTM4?tag=eloabder-20&linkCode=osi&th=1&psc=1"><img src="https://m.media-amazon.com/images/I/41eEovL+zML._SL500_.jpg" alt="Product Image"></a><p>Little Joe 96414-6PK Orange Creamsicle Scent Car Air Freshener A/C Vent Clip Uses Alcohol-Free Fragrance Oil is Non-Hazardous and Non-Toxic Plastic, Pack of 6</p><p>$25.99 ($4.33 / Count)</p><a href="https://www.amazon.com/dp/B0CQPNMTM4?tag=eloabder-20&linkCode=osi&th=1&psc=1">View Product</a></div><div class="product"><a href="https://www.amazon.com/dp/B0CH9KNNZN?tag=eloabder-20&linkCode=osi&th=1&psc=1"><img src="https://m.media-amazon.com/images/I/41jX66PGMTL._SL500_.jpg" alt="Product Image"></a><p>TAKAVU Clay Bars Auto Detailing 2 Pack X 100g, Premium Grade Material, Magic Clay Bar Cleaner for Cars, RV, Boat and Bus (Grey)</p><p>$9.99</p><a href="https://www.amazon.com/dp/B0CH9KNNZN?tag=eloabder-20&linkCode=osi&th=1&psc=1">View Product</a></div>

<div class="product"><a href="https://www.amazon.com/dp/B004UM6DLE?tag=eloabder-20&linkCode=osi&th=1&psc=1"><img src="https://m.media-amazon.com/images/I/314nawyx6sL._SL500_.jpg" alt="Product Image"></a><p>CARPRO IronX Iron Remover: Stops Rust Spots and Pre-Mature Failure of The Clear Coat, Iron Contaminant Removal - 500mL with Sprayer (17oz)</p><p>$26.78</p><a href="https://www.amazon.com/dp/B004UM6DLE?tag=eloabder-20&linkCode=osi&th=1&psc=1">View Product</a></div><div class="product"><a href="https://www.amazon.com/dp/B01HXZXO98?tag=eloabder-20&linkCode=osi&th=1&psc=1"><img src="https://m.media-amazon.com/images/I/41Ne9OfQGzL._SL500_.jpg" alt="Product Image"></a><p>Chemical Guys CWS80316 Clean Slate Deep Surface Cleaning Car Wash Soap (Removes Old Car Waxes, Glazes & Sealants for Superior Surface Prep), 16 fl oz, Citrus Scent</p><p>$11.99 ($0.75 / Fl Oz)</p><a href="https://www.amazon.com/dp/B01HXZXO98?tag=eloabder-20&linkCode=osi&th=1&psc=1">View Product</a></div><div class="product"><a href="https://www.amazon.com/dp/B07C39H9YX?tag=eloabder-20&linkCode=osi&th=1&psc=1"><img src="https://m.media-amazon.com/images/I/31yK3Vb5xWL._SL500_.jpg" alt="Product Image"></a><p>Adam's Polishes Iron Remover (16oz) - Iron Out Fallout Rust Remover Spray for Car Detailing | Remove Iron Particles in Car Paint, Motorcycle, RV & Boat | Use Before Clay Bar, Car Wax or Car Wash</p><p>$16.99</p><a href="https://www.amazon.com/dp/B07C39H9YX?tag=eloabder-20&linkCode=osi&th=1&psc=1">View Product</a></div><div class="product"><a href="https://www.amazon.com/dp/B0BTJ9DJM5?tag=eloabder-20&linkCode=osi&th=1&psc=1"><img src="https://m.media-amazon.com/images/I/41tNMqlDrxL._SL500_.jpg" alt="Product Image"></a><p>Torque Detail Decon Wash Pack - Decontamination Soap 8oz + Wash Mitt - Surface Strip Wash Car Shampoo - Highly Absorbent Microfiber Chenille Car Wash Mitt Safely Cleans Your Vehicles Entire Surface</p><p>$24.95 ($3.12 / Fl Oz)</p><a href="https://www.amazon.com/dp/B0BTJ9DJM5?tag=eloabder-20&linkCode=osi&th=1&psc=1">View Product</a></div><div class="product"><a href="https://www.amazon.com/dp/B013K5V9PQ?tag=eloabder-20&linkCode=osi&th=1&psc=1"><img src="https://m.media-amazon.com/images/I/41V3rm6NlZL._SL500_.jpg" alt="Product Image"></a><p>CARPRO PolyShave Decon Towel - Car Detailing Clay Decontamination Faster than Clay Bar, Clean & Release of Paint Contaminants and Glass - Increase Wax and Sealant Bond - 12" x 12" (1 Pack)</p><p>$39.97</p><a href="https://www.amazon.com/dp/B013K5V9PQ?tag=eloabder-20&linkCode=osi&th=1&psc=1">View Product</a></div><div class="product"><a href="https://www.amazon.com/dp/B0B788NBWG?tag=eloabder-20&linkCode=osi&th=1&psc=1"><img src="https://m.media-amazon.com/images/I/51NDfAOuEmL._SL500_.jpg" alt="Product Image"></a><p>P & S Professional Detail Products - Clay Decontamination Towel - Effective Cleaning & Release of Paint Contaminants; Increase Wax & Sealant Bond; Enhance Gloss & Depth of Color; Fine Grade-12" x 12"</p><p>$34.95</p><a href="https://www.amazon.com/dp/B0B788NBWG?tag=eloabder-20&linkCode=osi&th=1&psc=1">View Product</a></div><div class="product"><a href="https://www.amazon.com/dp/B0B27TFK69?tag=eloabder-20&linkCode=osi&th=1&psc=1"><img src="https://m.media-amazon.com/images/I/41zJPQIcqeL._SL500_.jpg" alt="Product Image"></a><p>The Rag Company - Ultra Clay Decontamination Mitt - Easy to Use; Effective Cleaning & Release of Paint Contaminants; Increase Wax & Sealant Bond; Enhance Gloss &Color Depth; Fine Grade (8.7"x5.7")</p><p>$34.95</p><a href="https://www.amazon.com/dp/B0B27TFK69?tag=eloabder-20&linkCode=osi&th=1&psc=1">View Product</a></div><div class="product"><a href="https://www.amazon.com/dp/B0C6XBN14N?tag=eloabder-20&linkCode=osi&th=1&psc=1"><img src="https://m.media-amazon.com/images/I/31BSavOJ89L._SL500_.jpg" alt="Product Image"></a><p>3D Iron Remover GLW Series | DIY Car Detailing | Hyper Effective Wheel Decontamination | Removes Iron Particles, Dirt, Brake Dust | Rapid Results | Ultimate Iron & Surface Contaminate Eliminator, 16oz</p><p>$17.99</p><a href="https://www.amazon.com/dp/B0C6XBN14N?tag=eloabder-20&linkCode=osi&th=1&psc=1">View Product</a></div>







<div class="product"><a href="https://www.amazon.com/dp/B0D2SPCW3G?tag=eloabder-20&linkCode=osi&th=1&psc=1"><img src="https://m.media-amazon.com/images/I/41JYIg6xqqL._SL500_.jpg" alt="Product Image"></a><p>Crankcase Ventilation Oil Separator with Gasket Compatible for 2008-2014 Volvo Mack D13 D16 MP8 Engine Replace 21122541 20499419</p><p>$155.99</p><a href="https://www.amazon.com/dp/B0D2SPCW3G?tag=eloabder-20&linkCode=osi&th=1&psc=1">View Product</a></div>

<div class="product"><a href="https://www.amazon.com/dp/B0C6M2FHGX?tag=eloabder-20&linkCode=osi&th=1&psc=1"><img src="https://m.media-amazon.com/images/I/21wWRrpHdbL._SL500_.jpg" alt="Product Image"></a><p>eMagTech 9PCS Warning Sign Please No Smoking Vaping Food Drink Stickers 110x50mm Self-Adhesive Vinyl Window Decal for Car Taxis Buses Minibuses</p><p>$9.49</p><a href="https://www.amazon.com/dp/B0C6M2FHGX?tag=eloabder-20&linkCode=osi&th=1&psc=1">View Product</a></div>

Aucun résultat trouvé.

<div class="product"><a href="https://www.amazon.com/dp/B0CVWZZMRY?tag=eloabder-20&linkCode=osi&th=1&psc=1"><img src="https://m.media-amazon.com/images/I/512y-1GwQNL._SL500_.jpg" alt="Product Image"></a><p>Jewkot 4 PCS Car Wiper Strip, 28" Boneless Structure Car Windshield Cleaning Wiper Strip, DIY Length Auxiliary Cleaning Replacement Accessory, Suitable for Most Cars, Vans, Trucks, Buses (Black)</p><p>$5.58</p><a href="https://www.amazon.com/dp/B0CVWZZMRY?tag=eloabder-20&linkCode=osi&th=1&psc=1">View Product</a></div>
<div class="product"><a href="https://www.amazon.com/dp/B07L3VQC6W?tag=eloabder-20&linkCode=osi&th=1&psc=1"><img src="https://m.media-amazon.com/images/I/41GebP+2HYL._SL500_.jpg" alt="Product Image"></a><p>BRISA VW Collection Volkswagen Air Freshener, Room Freshener, Deodorizer for Cars T1 Bus Campervan Motif (Citrus/Yellow/Set of 2)</p><p>$13.90 ($6.95 / Count)</p><a href="https://www.amazon.com/dp/B07L3VQC6W?tag=eloabder-20&linkCode=osi&th=1&psc=1">View Product</a></div><div class="product"><a href="https://www.amazon.com/dp/B07L3V86JS?tag=eloabder-20&linkCode=osi&th=1&psc=1"><img src="https://m.media-amazon.com/images/I/41TblWhKhQL._SL500_.jpg" alt="Product Image"></a><p>BRISA VW Collection Volkswagen Air Freshener, Room Freshener, Deodorizer for Cars T1 Bus Campervan Motif (New Car/Green/Set of 2)</p><p>$13.90 ($6.95 / Count)</p><a href="https://www.amazon.com/dp/B07L3V86JS?tag=eloabder-20&linkCode=osi&th=1&psc=1">View Product</a></div>


Aucun résultat trouvé.










<div class="product"><a href="https://www.amazon.com/dp/B099HL5SV2?tag=eloabder-20&linkCode=osi&th=1&psc=1"><img src="https://m.media-amazon.com/images/I/31kcR8HnylL._SL500_.jpg" alt="Product Image"></a><p>Philips GoPure GP5212 High Performance HEPA Air Purifier for Car, Removes up to 100 Pollutants, Exhaust Fumes, VOCs, Smoke, Bad Odors, Bacteria and Viruses</p><p>$77.59</p><a href="https://www.amazon.com/dp/B099HL5SV2?tag=eloabder-20&linkCode=osi&th=1&psc=1">View Product</a></div><div class="product"><a href="https://www.amazon.com/dp/B07TB419F7?tag=eloabder-20&linkCode=osi&th=1&psc=1"><img src="https://m.media-amazon.com/images/I/41l9XK-u-eL._SL500_.jpg" alt="Product Image"></a><p>Enoch Ionic Car Air Purifier with Dual USB Car Charger. Car Air Freshener Eliminates Odor, Dust. Removes Smoke, Pet and Food Odor. Ionic Ozone Car Deodorizer (Matt Black)</p><p>$24.50</p><a href="https://www.amazon.com/dp/B07TB419F7?tag=eloabder-20&linkCode=osi&th=1&psc=1">View Product</a></div><div class="product"><a href="https://www.amazon.com/dp/B08C9LKKMM?tag=eloabder-20&linkCode=osi&th=1&psc=1"><img src="https://m.media-amazon.com/images/I/41uJDRzxfrL._SL500_.jpg" alt="Product Image"></a><p>4WDKING Car Air Purifier Ionizer, 12V Plug-in Car Air Freshener Gadgets with Dual USB Charger Removes Cigarette Smoke, Pet and Food Odor, Ionic Ozone (Black)</p><p>$22.99</p><a href="https://www.amazon.com/dp/B08C9LKKMM?tag=eloabder-20&linkCode=osi&th=1&psc=1">View Product</a></div><div class="product"><a href="https://www.amazon.com/dp/B07C7D366L?tag=eloabder-20&linkCode=osi&th=1&psc=1"><img src="https://m.media-amazon.com/images/I/51GvjMcOskL._SL500_.jpg" alt="Product Image"></a><p>Car Air Purifier Ionizer - 12V Plug-in Ionic Anti-Microbial Car Deodorizer with Dual USB Charger - Smoke Smell, Pet and Food Odors, Allergens, Viruses Eliminator for Car (Matte Silver)</p><p>$24.99</p><a href="https://www.amazon.com/dp/B07C7D366L?tag=eloabder-20&linkCode=osi&th=1&psc=1">View Product</a></div><div class="product"><a href="https://www.amazon.com/dp/B086H3FW7T?tag=eloabder-20&linkCode=osi&th=1&psc=1"><img src="https://m.media-amazon.com/images/I/51FfQTz4koL._SL500_.jpg" alt="Product Image"></a><p>bmbu 1000g Large Bamboo Charcoal Air Purifier Bag - Car Deodorizer/Car Freshener - Remove Odor and Control Moisture in Your RV, Camper, SUV, Car, Truck, Closet, Mobile Home, Storage - Non Fragrant</p><p>$22.99 ($0.65 / Ounce)</p><a href="https://www.amazon.com/dp/B086H3FW7T?tag=eloabder-20&linkCode=osi&th=1&psc=1">View Product</a></div><div class="product"><a href="https://www.amazon.com/dp/B019NXUJ5K?tag=eloabder-20&linkCode=osi&th=1&psc=1"><img src="https://m.media-amazon.com/images/I/31grLw6pdUL._SL500_.jpg" alt="Product Image"></a><p>PURGGO Car Air Freshener - Lasts 365+ Days No Chemicals 100% Activated Bamboo Charcoal Fragrance-Free Deodorizer, Natural Auto Odor Eliminator, Purifier, Neutralizer, Absorb Smoke Smell</p><p>$25.99</p><a href="https://www.amazon.com/dp/B019NXUJ5K?tag=eloabder-20&linkCode=osi&th=1&psc=1">View Product</a></div><div class="product"><a href="https://www.amazon.com/dp/B0CT5TBKH5?tag=eloabder-20&linkCode=osi&th=1&psc=1"><img src="https://m.media-amazon.com/images/I/41UB7n6FuwL._SL500_.jpg" alt="Product Image"></a><p>Timgle 1 Pack Car Air Freshener, Lasts 365+ Days, No Chemicals 100% Activated Bamboo Charcoal Fragrance, Free Deodorizer, Natural Auto Odor Eliminator, Purifier, Neutralizer (Khaki Strap)</p><p>$10.99</p><a href="https://www.amazon.com/dp/B0CT5TBKH5?tag=eloabder-20&linkCode=osi&th=1&psc=1">View Product</a></div><div class="product"><a href="https://www.amazon.com/dp/B00V4049K2?tag=eloabder-20&linkCode=osi&th=1&psc=1"><img src="https://m.media-amazon.com/images/I/51rLLMGOc6L._SL500_.jpg" alt="Product Image"></a><p>PURGGO Car Air Freshener - Auto Odor Eliminator - 100% Activated Bamboo Charcoal Air Purifier, Ionizer - Absorb and Remove Smoke Smell - Fragrance-Free Deodorizer - Lasts 365+ Days [Classic Beige]</p><p>$25.99</p><a href="https://www.amazon.com/dp/B00V4049K2?tag=eloabder-20&linkCode=osi&th=1&psc=1">View Product</a></div>








<div class="product"><a href="https://www.amazon.com/dp/B00RYGK12K?tag=eloabder-20&linkCode=osi&th=1&psc=1"><img src="https://m.media-amazon.com/images/I/51RdEyCkvuL._SL500_.jpg" alt="Product Image"></a><p>Little Trees Cardboard Hanging Car, Home & Office Air Freshener, Summer Linen (Pack of 12)</p><p>$11.82 ($0.98 / Count)</p><a href="https://www.amazon.com/dp/B00RYGK12K?tag=eloabder-20&linkCode=osi&th=1&psc=1">View Product</a></div><div class="product"><a href="https://www.amazon.com/dp/B00LM54ZD0?tag=eloabder-20&linkCode=osi&th=1&psc=1"><img src="https://m.media-amazon.com/images/I/41YuRNweefL._SL500_.jpg" alt="Product Image"></a><p>LITTLE TREES Air Fresheners Car Air Freshener. Hanging Tree Provides Long Lasting Scent for Auto or Home. Black Ice, 24 Air Fresheners</p><p>$20.19 ($0.84 / Count)</p><a href="https://www.amazon.com/dp/B00LM54ZD0?tag=eloabder-20&linkCode=osi&th=1&psc=1">View Product</a></div><div class="product"><a href="https://www.amazon.com/dp/B09BB4V1Y8?tag=eloabder-20&linkCode=osi&th=1&psc=1"><img src="https://m.media-amazon.com/images/I/51AKMdDLO-L._SL500_.jpg" alt="Product Image"></a><p>DRIVEJOY Car Air Freshener Vent Clips, 8 PK, 6 Ocean, 2 New Car Scent, Car Fresheners for Men Women, Up to 240 Days, Long Lasting Air Freshener for Car, Odor Eliminator</p><p>$9.98 ($9.60 / Fl Oz)</p><a href="https://www.amazon.com/dp/B09BB4V1Y8?tag=eloabder-20&linkCode=osi&th=1&psc=1">View Product</a></div><div class="product"><a href="https://www.amazon.com/dp/B078JWRLYT?tag=eloabder-20&linkCode=osi&th=1&psc=1"><img src="https://m.media-amazon.com/images/I/41shbIl-LEL._SL500_.jpg" alt="Product Image"></a><p>California Scents Air Freshener 4-Pack Car Air Freshener (Coronado Cherry)</p><p>$12.88 ($2.15 / Ounce)</p><a href="https://www.amazon.com/dp/B078JWRLYT?tag=eloabder-20&linkCode=osi&th=1&psc=1">View Product</a></div><div class="product"><a href="https://www.amazon.com/dp/B0CW4CJWW9?tag=eloabder-20&linkCode=osi&th=1&psc=1"><img src="https://m.media-amazon.com/images/I/417lKQ0MXPL._SL500_.jpg" alt="Product Image"></a><p>Karma, Essential Oil Air Freshener for Cars Set of 2, Home & Office - Colorful Decorative Hanging Air Freshener with Tassel, Buttercup Vanilla Scented</p><p>$8.40 ($4.20 / Count)</p><a href="https://www.amazon.com/dp/B0CW4CJWW9?tag=eloabder-20&linkCode=osi&th=1&psc=1">View Product</a></div><div class="product"><a href="https://www.amazon.com/dp/B00AYCXL2I?tag=eloabder-20&linkCode=osi&th=1&psc=1"><img src="https://m.media-amazon.com/images/I/5165h10nKbL._SL500_.jpg" alt="Product Image"></a><p>Febreze Car Air Fresheners, New Car Scent, Odor Eliminator for Strong Odors Car Vent Clips (2 Count)</p><p>$9.98 ($4.99 / Count)</p><a href="https://www.amazon.com/dp/B00AYCXL2I?tag=eloabder-20&linkCode=osi&th=1&psc=1">View Product</a></div><div class="product"><a href="https://www.amazon.com/dp/B01LZ0N1MJ?tag=eloabder-20&linkCode=osi&th=1&psc=1"><img src="https://m.media-amazon.com/images/I/41J5LJGof9L._SL500_.jpg" alt="Product Image"></a><p>LITTLE TREES Car Air Freshener | Hanging Paper Tree for Home or Car | New Car Scent | 12 Pack</p><p>$11.70 ($0.98 / Count)</p><a href="https://www.amazon.com/dp/B01LZ0N1MJ?tag=eloabder-20&linkCode=osi&th=1&psc=1">View Product</a></div><div class="product"><a href="https://www.amazon.com/dp/B0C2Q2VGPZ?tag=eloabder-20&linkCode=osi&th=1&psc=1"><img src="https://m.media-amazon.com/images/I/413gckSL1EL._SL500_.jpg" alt="Product Image"></a><p>Savage Disposable Card Freshener for Men | Car Scents Air Freshener with Sauvage Fragrance | Strong Car Perfume Air Freshener with Odour Eliminating Technology | Suvage by Perfa</p><p>$6.99</p><a href="https://www.amazon.com/dp/B0C2Q2VGPZ?tag=eloabder-20&linkCode=osi&th=1&psc=1">View Product</a></div>




<div class="product"><a href="https://www.amazon.com/dp/B06WVL7YSG?tag=eloabder-20&linkCode=osi&th=1&psc=1"><img src="https://m.media-amazon.com/images/I/51fO0NuM6nL._SL500_.jpg" alt="Product Image"></a><p>Meguiar's Quik Scratch Eraser Kit, Car Scratch Remover for Repairing Surface Blemishes, Car Care Kit with ScratchX, Drill-Mounted Pad, and Microfiber Towel, 3 Count</p><p>$17.97</p><a href="https://www.amazon.com/dp/B06WVL7YSG?tag=eloabder-20&linkCode=osi&th=1&psc=1">View Product</a></div><div class="product"><a href="https://www.amazon.com/dp/B00P67GSRG?tag=eloabder-20&linkCode=osi&th=1&psc=1"><img src="https://m.media-amazon.com/images/I/41R-vt8tcnL._SL500_.jpg" alt="Product Image"></a><p>Chemical Guys GAP_VKIT_16 V Line Polish and Compound Kit For Light to Heavy Swirls & Scratches (Safe for Cars, Trucks, SUVs, RVs, Motorcycles, & More) 4 - 16 fl oz Items</p><p>$69.99</p><a href="https://www.amazon.com/dp/B00P67GSRG?tag=eloabder-20&linkCode=osi&th=1&psc=1">View Product</a></div>
<div class="product"><a href="https://www.amazon.com/dp/B0BQ1CPLSQ?tag=eloabder-20&linkCode=osi&th=1&psc=1"><img src="https://m.media-amazon.com/images/I/41ikSNNgp5L._SL500_.jpg" alt="Product Image"></a><p>PROPER DETAILING CO. Car Detailing Kit Interior Cleaner, Get Professional Results - Car Interior Cleaning Kit includes 16 oz. interior cleaner, premium boars hair detail brush, and 2 microfiber towels</p><p>$23.99</p><a href="https://www.amazon.com/dp/B0BQ1CPLSQ?tag=eloabder-20&linkCode=osi&th=1&psc=1">View Product</a></div>





<div class="product"><a href="https://www.amazon.com/dp/B0D464228M?tag=eloabder-20&linkCode=osi&th=1&psc=1"><img src="https://m.media-amazon.com/images/I/315VtBe9l-L._SL500_.jpg" alt="Product Image"></a><p>Drift Car Air Freshener - Wood Air Freshener - Car Odor Eliminator - Open Air Scent Starter Kit</p><p>$11.95</p><a href="https://www.amazon.com/dp/B0D464228M?tag=eloabder-20&linkCode=osi&th=1&psc=1">View Product</a></div>
<div class="product"><a href="https://www.amazon.com/dp/B071HR14SJ?tag=eloabder-20&linkCode=osi&th=1&psc=1"><img src="https://m.media-amazon.com/images/I/41crypCefDL._SL500_.jpg" alt="Product Image"></a><p>Meguiar's Gold Class Car Wash Soap, Ultra-Rich Car Wash Soap and Conditioner for Car Cleaning, Car Wash Soap to Clean and Condition in One Easy Step, 1 Gallon Car Wash Soap</p><p>$24.99 ($0.20 / Ounce)</p><a href="https://www.amazon.com/dp/B071HR14SJ?tag=eloabder-20&linkCode=osi&th=1&psc=1">View Product</a></div><div class="product"><a href="https://www.amazon.com/dp/B085R9L9Q9?tag=eloabder-20&linkCode=osi&th=1&psc=1"><img src="https://m.media-amazon.com/images/I/41tAv1FNbZL._SL500_.jpg" alt="Product Image"></a><p>Armor All Extreme Shield Protectant Spray , Interior Car Cleaner with UV Protection Against Cracking and Fading, 16 Fl Oz</p><p>$8.98 ($0.56 / Fl Oz)</p><a href="https://www.amazon.com/dp/B085R9L9Q9?tag=eloabder-20&linkCode=osi&th=1&psc=1">View Product</a></div><div class="product"><a href="https://www.amazon.com/dp/B016NA9Y4S?tag=eloabder-20&linkCode=osi&th=1&psc=1"><img src="https://m.media-amazon.com/images/I/31oz8VJFdjL._SL500_.jpg" alt="Product Image"></a><p>Rain-X 5079281-2 Latitude 2-In-1 Wiper Blades, 26 Inch Windshield Wipers (Pack Of 1), Automotive Replacement Windshield Wiper Blades With Patented Rain-X Water Repellency Formula</p><p>$17.08</p><a href="https://www.amazon.com/dp/B016NA9Y4S?tag=eloabder-20&linkCode=osi&th=1&psc=1">View Product</a></div><div class="product"><a href="https://www.amazon.com/dp/B0D2PCCJVK?tag=eloabder-20&linkCode=osi&th=1&psc=1"><img src="https://m.media-amazon.com/images/I/41BFT-c3a9L._SL500_.jpg" alt="Product Image"></a><p>HoogaLife Car Air Freshener Diffuser – Revitalize Your Drive with Hanging Air Freshener Diffuser Aromatic Bliss On The Go(VANILLA CREAM)</p><p>$12.99 ($24.06 / Fl Oz)</p><a href="https://www.amazon.com/dp/B0D2PCCJVK?tag=eloabder-20&linkCode=osi&th=1&psc=1">View Product</a></div><div class="product"><a href="https://www.amazon.com/dp/B0D17SKCLF?tag=eloabder-20&linkCode=osi&th=1&psc=1"><img src="https://m.media-amazon.com/images/I/51VjaK8JNmL._SL500_.jpg" alt="Product Image"></a><p>AIDEA Car Wash Mitt Microfiber, 1PK-Scratch-Free& Lint-Free, Premium Chenille Microfiber Wash Mitt-Green Regular Size (7.12''X10.14'')</p><p>$5.99</p><a href="https://www.amazon.com/dp/B0D17SKCLF?tag=eloabder-20&linkCode=osi&th=1&psc=1">View Product</a></div>








<div class="product"><a href="https://www.amazon.com/dp/B00UZE8D00?tag=eloabder-20&linkCode=osi&th=1&psc=1"><img src="https://m.media-amazon.com/images/I/517VVkgvgcL._SL500_.jpg" alt="Product Image"></a><p>Chemical Guys HOL_996 Convertible Top Cleaner and Protectant Kit, 16 oz, 2 Items</p><p>$29.99</p><a href="https://www.amazon.com/dp/B00UZE8D00?tag=eloabder-20&linkCode=osi&th=1&psc=1">View Product</a></div><div class="product"><a href="https://www.amazon.com/dp/B004HCS4NW?tag=eloabder-20&linkCode=osi&th=1&psc=1"><img src="https://m.media-amazon.com/images/I/41j5b6xRqNL._SL500_.jpg" alt="Product Image"></a><p>Meguiar's Convertible Top Cleaner - Fabric Convertible Top Cleaner and Vinyl Convertible Top Cleaner in One Advanced Formula - Safely Removes Stains, Mildew, Bird Droppings, and More, 16 Oz</p><p>$6.87 ($0.43 / Ounce)</p><a href="https://www.amazon.com/dp/B004HCS4NW?tag=eloabder-20&linkCode=osi&th=1&psc=1">View Product</a></div><div class="product"><a href="https://www.amazon.com/dp/B00UZE80N0?tag=eloabder-20&linkCode=osi&th=1&psc=1"><img src="https://m.media-amazon.com/images/I/31FG83SK9SL._SL500_.jpg" alt="Product Image"></a><p>Chemical Guys SPI_193_16 Convertible Top Protectant and Repellent, (Helps Prevent Fading & Discoloration on Fabric Sot Tops) 16 fl oz (Packaging May Vary)</p><p>$19.99 ($1.25 / Fl Oz)</p><a href="https://www.amazon.com/dp/B00UZE80N0?tag=eloabder-20&linkCode=osi&th=1&psc=1">View Product</a></div><div class="product"><a href="https://www.amazon.com/dp/B00UZE8C1A?tag=eloabder-20&linkCode=osi&th=1&psc=1"><img src="https://m.media-amazon.com/images/I/31aLnXKZxfL._SL500_.jpg" alt="Product Image"></a><p>Chemical Guys ACC_S94 Convertible Top Horse Hair Cleaning Brush, Safe for Cloth Soft Tops, Upholstery, Leather, Furniture, & More</p><p>$14.99</p><a href="https://www.amazon.com/dp/B00UZE8C1A?tag=eloabder-20&linkCode=osi&th=1&psc=1">View Product</a></div><div class="product"><a href="https://www.amazon.com/dp/B000A8JNF0?tag=eloabder-20&linkCode=osi&th=1&psc=1"><img src="https://m.media-amazon.com/images/I/51PLChiVIrL._SL500_.jpg" alt="Product Image"></a><p>303 Products Convertible Fabric Top Cleaning and Care Kit - Cleans And Protects Fabric Tops - Includes Tonneau Cover And Convertible Top Cleaner 16 fl. oz. + Fabric Guard, (30520)</p><p>$32.79 ($1.02 / Fl Oz)</p><a href="https://www.amazon.com/dp/B000A8JNF0?tag=eloabder-20&linkCode=osi&th=1&psc=1">View Product</a></div>
<div class="product"><a href="https://www.amazon.com/dp/B0BCQ1XMWV?tag=eloabder-20&linkCode=osi&th=1&psc=1"><img src="https://m.media-amazon.com/images/I/41lV6Au-S9L._SL500_.jpg" alt="Product Image"></a><p>EMITHSUN® Windshield Wiper Blades Replacement for Honda Civic Coupe 2 Door 2005-2011,That Meet OEM Quality Front Wipers Blade Set for My Car-28"+24"(Set of 2)</p><p>$19.99</p><a href="https://www.amazon.com/dp/B0BCQ1XMWV?tag=eloabder-20&linkCode=osi&th=1&psc=1">View Product</a></div>
<div class="product"><a href="https://www.amazon.com/dp/B00I8ITVZG?tag=eloabder-20&linkCode=osi&th=1&psc=1"><img src="https://m.media-amazon.com/images/I/41TXd564pcL._SL500_.jpg" alt="Product Image"></a><p>ECOGARD XC36067 Premium Cabin Air Filter Fits Hyundai Genesis 2009-2016, Equus 2011-2016 | Genesis G80 2017-2021, G90 2019-2021, GV80 2021 | Kia K900 2020</p><p>$10.98</p><a href="https://www.amazon.com/dp/B00I8ITVZG?tag=eloabder-20&linkCode=osi&th=1&psc=1">View Product</a></div>

<div class="product"><a href="https://www.amazon.com/dp/B097C3NCP1?tag=eloabder-20&linkCode=osi&th=1&psc=1"><img src="https://m.media-amazon.com/images/I/41GXST2+s6L._SL500_.jpg" alt="Product Image"></a><p>Raidbee 12 inch Rear Wiper Blade Replacement for Toyota Corolla Hatchback 2022-2019, Nissan Versa 2019-2014 Back Windshield Wiper (H306/12-B)</p><p>$6.99</p><a href="https://www.amazon.com/dp/B097C3NCP1?tag=eloabder-20&linkCode=osi&th=1&psc=1">View Product</a></div>



<div class="product"><a href="https://www.amazon.com/dp/B0CQ4MLKHJ?tag=eloabder-20&linkCode=osi&th=1&psc=1"><img src="https://m.media-amazon.com/images/I/519f8covwQL._SL500_.jpg" alt="Product Image"></a><p>Feetiger All-in-1 Fire Extinguisher for Home, Kitchen, Car, Garage, RV, Truck, Boat, Camping, Fire Spray that Tackles Multiple Types of Fire, 2pack</p><p>$39.99</p><a href="https://www.amazon.com/dp/B0CQ4MLKHJ?tag=eloabder-20&linkCode=osi&th=1&psc=1">View Product</a></div>
<div class="product"><a href="https://www.amazon.com/dp/B07TS4JV6H?tag=eloabder-20&linkCode=osi&th=1&psc=1"><img src="https://m.media-amazon.com/images/I/412htpDd6fL._SL500_.jpg" alt="Product Image"></a><p>Police Flag Air Freshener, New Car Scent, 6-Pack</p><p>$9.99 ($1.66 / Count)</p><a href="https://www.amazon.com/dp/B07TS4JV6H?tag=eloabder-20&linkCode=osi&th=1&psc=1">View Product</a></div>


<div class="product"><a href="https://www.amazon.com/dp/B009EU5ZNO?tag=eloabder-20&linkCode=osi&th=1&psc=1"><img src="https://m.media-amazon.com/images/I/515MJLZbnoL._SL500_.jpg" alt="Product Image"></a><p>J-B Weld 50133 Plastic Bonder Structural Adhesive Syringe - Tan - 25 ml</p><p>$6.98 ($8.21 / Fl Oz)</p><a href="https://www.amazon.com/dp/B009EU5ZNO?tag=eloabder-20&linkCode=osi&th=1&psc=1">View Product</a></div>



<div class="product"><a href="https://www.amazon.com/dp/B09P6YZP72?tag=eloabder-20&linkCode=osi&th=1&psc=1"><img src="https://m.media-amazon.com/images/I/416rlvu+ayL._SL500_.jpg" alt="Product Image"></a><p>AUTOBOO 26"+20" Windshield Wipers with 16" Rear Wiper Blade Replacement for Dodge Grand Caravan 2008-2012 2013 2014 2015 2016 2017 2018 2019 -Original Factory Quality (Pack of 3)</p><p>$23.99</p><a href="https://www.amazon.com/dp/B09P6YZP72?tag=eloabder-20&linkCode=osi&th=1&psc=1">View Product</a></div><div class="product"><a href="https://www.amazon.com/dp/B0BLYQBDS8?tag=eloabder-20&linkCode=osi&th=1&psc=1"><img src="https://m.media-amazon.com/images/I/51SbpSR2zBL._SL500_.jpg" alt="Product Image"></a><p>A-Premium Engine Air Filter Compatible with Chrysler Town & Country & Dodge Grand Caravan & Ram C/V & Volkswagen Routan, 2011-2020, Flexible Panel, Replace# 4861737AA</p><p>$12.99</p><a href="https://www.amazon.com/dp/B0BLYQBDS8?tag=eloabder-20&linkCode=osi&th=1&psc=1">View Product</a></div>
<div class="product"><a href="https://www.amazon.com/dp/B001FCB4JS?tag=eloabder-20&linkCode=osi&th=1&psc=1"><img src="https://m.media-amazon.com/images/I/21wq6fxqiVL._SL500_.jpg" alt="Product Image"></a><p>Dicor BT-1834-1 Butyl Seal Tape - 1/8" x 3/4" x 30' Repair Tape for RV, Trailer, Motorhome, Window, and Vent Sealing</p><p>$13.15 ($0.44 / Foot)</p><a href="https://www.amazon.com/dp/B001FCB4JS?tag=eloabder-20&linkCode=osi&th=1&psc=1">View Product</a></div>
<div class="product"><a href="https://www.amazon.com/dp/B000BUQOD6?tag=eloabder-20&linkCode=osi&th=1&psc=1"><img src="https://m.media-amazon.com/images/I/41O0CoP1L3L._SL500_.jpg" alt="Product Image"></a><p>Camco Camper/RV Toilet Paper | Sewer-Safe, Septic-Safe & Biodegradable | Designed for Camper, Trailer & Marine Sanitation Systems | 1-Ply Tissue | 4 Toilet Paper Rolls – 280 Sheets per Roll (40275)</p><p>$5.99 ($2.14 / 100 Sheets)</p><a href="https://www.amazon.com/dp/B000BUQOD6?tag=eloabder-20&linkCode=osi&th=1&psc=1">View Product</a></div><div class="product"><a href="https://www.amazon.com/dp/B007JG1W1E?tag=eloabder-20&linkCode=osi&th=1&psc=1"><img src="https://m.media-amazon.com/images/I/41i-j99E9ML._SL500_.jpg" alt="Product Image"></a><p>Camco TST Camper / RV Grey Water Odor Control - Removes Grease Buildup in Gray Water Tank, Sink & Shower Drains - 4oz Treats 40-Gal Holding Tank - Safe Septic Tank Treatment - Lemon, 64 oz (40256)</p><p>$19.94 ($0.31 / Fl Oz)</p><a href="https://www.amazon.com/dp/B007JG1W1E?tag=eloabder-20&linkCode=osi&th=1&psc=1">View Product</a></div><div class="product"><a href="https://www.amazon.com/dp/B016V2OSD0?tag=eloabder-20&linkCode=osi&th=1&psc=1"><img src="https://m.media-amazon.com/images/I/31Jm99RYVXL._SL500_.jpg" alt="Product Image"></a><p>Camco TST MAX RV Toilet Treatment Drop-INs | Control Unwanted Odors and Break Down Waste and Tissue | Septic Tank Safe | Lavender Scent | 15-pack (41559)</p><p>$11.97 ($0.80 / Count)</p><a href="https://www.amazon.com/dp/B016V2OSD0?tag=eloabder-20&linkCode=osi&th=1&psc=1">View Product</a></div>






<div class="product"><a href="https://www.amazon.com/dp/B006GJYOL0?tag=eloabder-20&linkCode=osi&th=1&psc=1"><img src="https://m.media-amazon.com/images/I/41YPjiCzDfL._SL500_.jpg" alt="Product Image"></a><p>Boat Bling HS-0128 Hot Sauce Hard Water Spot Remover, Gallon Refill, for Boats, RVs, Powersport Vehicles and More, Black,1 Gallon</p><p>$54.95 ($0.43 / Fl Oz)</p><a href="https://www.amazon.com/dp/B006GJYOL0?tag=eloabder-20&linkCode=osi&th=1&psc=1">View Product</a></div><div class="product"><a href="https://www.amazon.com/dp/B0000AXVCB?tag=eloabder-20&linkCode=osi&th=1&psc=1"><img src="https://m.media-amazon.com/images/I/51gtsDb7zDL._SL500_.jpg" alt="Product Image"></a><p>Meguiar's M4364 Marine/RV Boat Wash - 64 Oz Container</p><p>$13.99 ($0.22 / Fl Oz)</p><a href="https://www.amazon.com/dp/B0000AXVCB?tag=eloabder-20&linkCode=osi&th=1&psc=1">View Product</a></div><div class="product"><a href="https://www.amazon.com/dp/B0007TR47G?tag=eloabder-20&linkCode=osi&th=1&psc=1"><img src="https://m.media-amazon.com/images/I/41Q4SzlVojL._SL500_.jpg" alt="Product Image"></a><p>Meguiar's Flagship Premium Marine Wax, Boat Polish and Oxidation Remover - 32 Oz Bottle</p><p>$21.49</p><a href="https://www.amazon.com/dp/B0007TR47G?tag=eloabder-20&linkCode=osi&th=1&psc=1">View Product</a></div><div class="product"><a href="https://www.amazon.com/dp/B006GJYLFY?tag=eloabder-20&linkCode=osi&th=1&psc=1"><img src="https://m.media-amazon.com/images/I/31G78TSjssL._SL500_.jpg" alt="Product Image"></a><p>Boat Bling Condition Sauce Premium Interior Moisturizer w/UV Protection, 32 oz.</p><p>$27.95</p><a href="https://www.amazon.com/dp/B006GJYLFY?tag=eloabder-20&linkCode=osi&th=1&psc=1">View Product</a></div><div class="product"><a href="https://www.amazon.com/dp/B006GJYKWI?tag=eloabder-20&linkCode=osi&th=1&psc=1"><img src="https://m.media-amazon.com/images/I/41AcDanNz-L._SL500_.jpg" alt="Product Image"></a><p>Boat Bling VS-0032 Vinyl Sauce Premium Vinyl and Leather Cleaner, 32 Oz., for Boats, RVs, Powersport Vehicles and More</p><p>$22.95 ($0.72 / Fl Oz)</p><a href="https://www.amazon.com/dp/B006GJYKWI?tag=eloabder-20&linkCode=osi&th=1&psc=1">View Product</a></div>
<div class="product"><a href="https://www.amazon.com/dp/B004OJTEKK?tag=eloabder-20&linkCode=osi&th=1&psc=1"><img src="https://m.media-amazon.com/images/I/41q8kkNiKOL._SL500_.jpg" alt="Product Image"></a><p>Shurhold Yacht Brite YBP-0302 Brite Wash - 1 Gallon</p><p>$23.97 ($0.19 / Fl Oz)</p><a href="https://www.amazon.com/dp/B004OJTEKK?tag=eloabder-20&linkCode=osi&th=1&psc=1">View Product</a></div>




<div class="product"><a href="https://www.amazon.com/dp/B0B2RDZNZB?tag=eloabder-20&linkCode=osi&th=1&psc=1"><img src="https://m.media-amazon.com/images/I/51RVSUoRuGL._SL500_.jpg" alt="Product Image"></a><p>Fancemot Helicopter Car Air Fresheners Rotating Solar Car Fresheners Airplane Car Perfume (Osmanthus & Vanilla)</p><p>$14.08</p><a href="https://www.amazon.com/dp/B0B2RDZNZB?tag=eloabder-20&linkCode=osi&th=1&psc=1">View Product</a></div><div class="product"><a href="https://www.amazon.com/dp/B0994PG1ZD?tag=eloabder-20&linkCode=osi&th=1&psc=1"><img src="https://m.media-amazon.com/images/I/413er0A8cVS._SL500_.jpg" alt="Product Image"></a><p>NICEADA Car Air Freshener, Helicopter Solar Energy Rotating Aromatherapy Aviation Al Alloy Diffuser, Interior Decoration Accessories Diffuser for Car and Home (Silver)</p><p>$23.99</p><a href="https://www.amazon.com/dp/B0994PG1ZD?tag=eloabder-20&linkCode=osi&th=1&psc=1">View Product</a></div><div class="product"><a href="https://www.amazon.com/dp/B09ZTMZKSJ?tag=eloabder-20&linkCode=osi&th=1&psc=1"><img src="https://m.media-amazon.com/images/I/41rz5PydC9L._SL500_.jpg" alt="Product Image"></a><p>Air Freshener, Gigicloud Car Fragrance Diffuser Solar Rotating Automotive Air Fresheners Ornament Helicopter Shape Solid Aromatherapy Decoration for Car and Home (Black)</p><p>$15.49</p><a href="https://www.amazon.com/dp/B09ZTMZKSJ?tag=eloabder-20&linkCode=osi&th=1&psc=1">View Product</a></div><div class="product"><a href="https://www.amazon.com/dp/B0CWNNPCD3?tag=eloabder-20&linkCode=osi&th=1&psc=1"><img src="https://m.media-amazon.com/images/I/51nznnJJhfL._SL500_.jpg" alt="Product Image"></a><p>Car Air Freshener Diffuser, KaiDengZhe 1PCS Helicopter Solar Energy Rotating Aromatherapy Aviation Al Alloy Diffuser, Car Diffuser for Essential Oils, Relieve Stress and Purifie Odors for Car and Home</p><p>$15.99</p><a href="https://www.amazon.com/dp/B0CWNNPCD3?tag=eloabder-20&linkCode=osi&th=1&psc=1">View Product</a></div><div class="product"><a href="https://www.amazon.com/dp/B0B8T47G65?tag=eloabder-20&linkCode=osi&th=1&psc=1"><img src="https://m.media-amazon.com/images/I/41d6cgVheqL._SL500_.jpg" alt="Product Image"></a><p>Joyfunky Car Air Fresheners with Solar Rotating, Creative Car Perfume Decoration, Relieve Stress and Purifie Odors, Use at Car, office and Home, Silver</p><p>$12.99</p><a href="https://www.amazon.com/dp/B0B8T47G65?tag=eloabder-20&linkCode=osi&th=1&psc=1">View Product</a></div><div class="product"><a href="https://www.amazon.com/dp/B0D4ZHJVK8?tag=eloabder-20&linkCode=osi&th=1&psc=1"><img src="https://m.media-amazon.com/images/I/41sEhsjtb4L._SL500_.jpg" alt="Product Image"></a><p>NICEADA Helicopter Solar Car Air Freshener Refill Set, Solar Essential Oil Refill Perfume Oil for Car Air Fresheners(4 Packs)</p><p>$21.99 ($24.99 / Fl Oz)</p><a href="https://www.amazon.com/dp/B0D4ZHJVK8?tag=eloabder-20&linkCode=osi&th=1&psc=1">View Product</a></div><div class="product"><a href="https://www.amazon.com/dp/B0D251XW47?tag=eloabder-20&linkCode=osi&th=1&psc=1"><img src="https://m.media-amazon.com/images/I/41x6lmNq9fL._SL500_.jpg" alt="Product Image"></a><p>Helicopter Car Air Fresheners with Solar Rotating, Creative Car Perfume Decoration, Car Airplane Fragrance Diffuser for Car, Home, Office (Silver)</p><p>$13.09</p><a href="https://www.amazon.com/dp/B0D251XW47?tag=eloabder-20&linkCode=osi&th=1&psc=1">View Product</a></div>

<div class="product"><a href="https://www.amazon.com/dp/B0D4154TQG?tag=eloabder-20&linkCode=osi&th=1&psc=1"><img src="https://m.media-amazon.com/images/I/217Iw-nO3UL._SL500_.jpg" alt="Product Image"></a><p>RV Curtain Glide Tape A115, 1/2 Inch Glides Clear RV Curtain Strip Curtain Slide Tape 72 Inches Long Use with Ceiling or Wall Mount Curtain Track A201 A202 (2 Pack)</p><p>$17.99</p><a href="https://www.amazon.com/dp/B0D4154TQG?tag=eloabder-20&linkCode=osi&th=1&psc=1">View Product</a></div>
<div class="product"><a href="https://www.amazon.com/dp/B08W4PQN8L?tag=eloabder-20&linkCode=osi&th=1&psc=1"><img src="https://m.media-amazon.com/images/I/41udmrd6QTL._SL500_.jpg" alt="Product Image"></a><p>Hot Air Balloon Novelty Air Freshener for Car - Sandalwood Scented Automotive Accessory New Mexico Souvenir Gift (Pack of 4)</p><p>$7.99 ($2.00 / Count)</p><a href="https://www.amazon.com/dp/B08W4PQN8L?tag=eloabder-20&linkCode=osi&th=1&psc=1">View Product</a></div>















<div class="product"><a href="https://www.amazon.com/dp/B0CP87K2VD?tag=eloabder-20&linkCode=osi&th=1&psc=1"><img src="https://m.media-amazon.com/images/I/41dTH4OPkcL._SL500_.jpg" alt="Product Image"></a><p>For harley air cleaner filter Touring street glide road king electra tri trike Dyna Sportster XL 883 1200 Softail air intake (Drift style -Contrast Cut, C-For Touring 08-16, Softail 16-17)</p><p>$125.00</p><a href="https://www.amazon.com/dp/B0CP87K2VD?tag=eloabder-20&linkCode=osi&th=1&psc=1">View Product</a></div><div class="product"><a href="https://www.amazon.com/dp/B08DNLNY3G?tag=eloabder-20&linkCode=osi&th=1&psc=1"><img src="https://m.media-amazon.com/images/I/51baNj3o8CL._SL500_.jpg" alt="Product Image"></a><p>2963308 HD1508 Ultra Classic Air Filter Cleaner for 2008-2014 Harley Davidson Street Glide, Electra Glide, Road King, Road Glide Custom, Ultra Classic and other select models HD-1508</p><p>$21.99</p><a href="https://www.amazon.com/dp/B08DNLNY3G?tag=eloabder-20&linkCode=osi&th=1&psc=1">View Product</a></div><div class="product"><a href="https://www.amazon.com/dp/B0CQ2KKC3N?tag=eloabder-20&linkCode=osi&th=1&psc=1"><img src="https://m.media-amazon.com/images/I/31W2a0gAwIL._SL500_.jpg" alt="Product Image"></a><p>High-Flo Replacement Air Filter Element For Ventilator - Milwaukee-Eight Engine '18-later Softail and '17-later Touring and Trike Models Equipped with 114 Air Cleaner</p><p>$39.99</p><a href="https://www.amazon.com/dp/B0CQ2KKC3N?tag=eloabder-20&linkCode=osi&th=1&psc=1">View Product</a></div><div class="product"><a href="https://www.amazon.com/dp/B0CPJ5BSGM?tag=eloabder-20&linkCode=osi&th=1&psc=1"><img src="https://m.media-amazon.com/images/I/41cUadnGKpL._SL500_.jpg" alt="Product Image"></a><p>For harley air cleaner filter sportster street road glide king for harley davidson motorcycle air intake (Nake style -Black, A-For Sportster XL models)</p><p>$169.00</p><a href="https://www.amazon.com/dp/B0CPJ5BSGM?tag=eloabder-20&linkCode=osi&th=1&psc=1">View Product</a></div><div class="product"><a href="https://www.amazon.com/dp/B0CR17NS1M?tag=eloabder-20&linkCode=osi&th=1&psc=1"><img src="https://m.media-amazon.com/images/I/41n57oM0A-L._SL500_.jpg" alt="Product Image"></a><p>For harley air cleaner filter Sportster Softail Touring street road king glide Dyna for harley davidson air intake filters (Speed 7 style -gray filter, C-For Touring 08-16, Softail 16-17)</p><p>$89.00</p><a href="https://www.amazon.com/dp/B0CR17NS1M?tag=eloabder-20&linkCode=osi&th=1&psc=1">View Product</a></div><div class="product"><a href="https://www.amazon.com/dp/B0CR167HDN?tag=eloabder-20&linkCode=osi&th=1&psc=1"><img src="https://m.media-amazon.com/images/I/41o4byfzbRL._SL500_.jpg" alt="Product Image"></a><p>For harley davidson air cleaner filter sportster Touring street glide road king electra Dyna Softail motorcycle air intake (Chromed- gray filter, C-For Touring 2008-2016)</p><p>$99.00</p><a href="https://www.amazon.com/dp/B0CR167HDN?tag=eloabder-20&linkCode=osi&th=1&psc=1">View Product</a></div>







<div class="product"><a href="https://www.amazon.com/dp/B08WH8CWDM?tag=eloabder-20&linkCode=osi&th=1&psc=1"><img src="https://m.media-amazon.com/images/I/41Jj3ouB+1L._SL500_.jpg" alt="Product Image"></a><p>Glaze 'N Seal Color Enhancer Paver Sealer, 1 Gallon (923)</p><p>$62.99</p><a href="https://www.amazon.com/dp/B08WH8CWDM?tag=eloabder-20&linkCode=osi&th=1&psc=1">View Product</a></div>

<div class="product"><a href="https://www.amazon.com/dp/B0B58G8WRX?tag=eloabder-20&linkCode=osi&th=1&psc=1"><img src="https://m.media-amazon.com/images/I/41hjxJMTGJL._SL500_.jpg" alt="Product Image"></a><p>Solarhome Air Filter 333-D2696 333D2696 Compatible with JCB Backhoe Loader 3CX 4CX Telehandler 531-70</p><p>$34.50</p><a href="https://www.amazon.com/dp/B0B58G8WRX?tag=eloabder-20&linkCode=osi&th=1&psc=1">View Product</a></div>




<div class="product"><a href="https://www.amazon.com/dp/B07G7XG6BV?tag=eloabder-20&linkCode=osi&th=1&psc=1"><img src="https://m.media-amazon.com/images/I/510tZGutn6L._SL500_.jpg" alt="Product Image"></a><p>Holikme 6Pack Cleaning Brush Power Scrubber Cleaning Brush Extended Long Attachment Set All Purpose Scrub Brushes Kit for Grout, Floor, Tub, Shower, Tile, Bathroom,Car Cleaning Brush，Yellow</p><p>$6.95</p><a href="https://www.amazon.com/dp/B07G7XG6BV?tag=eloabder-20&linkCode=osi&th=1&psc=1">View Product</a></div>



<div class="product"><a href="https://www.amazon.com/dp/B000FW2NWQ?tag=eloabder-20&linkCode=osi&th=1&psc=1"><img src="https://m.media-amazon.com/images/I/31VlBDw7uDL._SL500_.jpg" alt="Product Image"></a><p>Performance Tool W233 12-Inch Long Reach Extension Scraper with 3pc Double Edged Plastic Razor Scraper Blades and 3pc Carbon Steel Razor Scraper Blades</p><p>$10.31</p><a href="https://www.amazon.com/dp/B000FW2NWQ?tag=eloabder-20&linkCode=osi&th=1&psc=1">View Product</a></div>
<div class="product"><a href="https://www.amazon.com/dp/B0BV2CQ5SW?tag=eloabder-20&linkCode=osi&th=1&psc=1"><img src="https://m.media-amazon.com/images/I/51VkTDjGg4L._SL500_.jpg" alt="Product Image"></a><p>Filterelated Mixed Bed Deionized Di Resin Filter Fill, Suitable For Spotless Car Wash System Filter Change, Tds Filter, Aquarium Filter, Deionized Car Wash,5 Liters</p><p>$49.99</p><a href="https://www.amazon.com/dp/B0BV2CQ5SW?tag=eloabder-20&linkCode=osi&th=1&psc=1">View Product</a></div><div class="product"><a href="https://www.amazon.com/dp/B01MRVQ9UE?tag=eloabder-20&linkCode=osi&th=1&psc=1"><img src="https://m.media-amazon.com/images/I/51+i6fjU6tL._SL500_.jpg" alt="Product Image"></a><p>Husqvarna XP Pre-Mixed Fuel and Engine Oil Quart (3 Pack),Blue</p><p>$32.99 ($0.34 / Count)</p><a href="https://www.amazon.com/dp/B01MRVQ9UE?tag=eloabder-20&linkCode=osi&th=1&psc=1">View Product</a></div>




<div class="product"><a href="https://www.amazon.com/dp/B01N2G2NEJ?tag=eloabder-20&linkCode=osi&th=1&psc=1"><img src="https://m.media-amazon.com/images/I/41-5g4zEDpL._SL500_.jpg" alt="Product Image"></a><p>Chemical Guys SPI10816 Heavy Duty Water Spot Remover, Safe for Cars, Trucks, Motorcycles, RVs & More, 16 fl oz</p><p>$17.97 ($1.12 / Fl Oz)</p><a href="https://www.amazon.com/dp/B01N2G2NEJ?tag=eloabder-20&linkCode=osi&th=1&psc=1">View Product</a></div>









<div class="product"><a href="https://www.amazon.com/dp/B08YRVH2QV?tag=eloabder-20&linkCode=osi&th=1&psc=1"><img src="https://m.media-amazon.com/images/I/5164O-Jr2QL._SL500_.jpg" alt="Product Image"></a><p>Thetford AquaMAX Summer Cypress Scent RV Holding Tank Treatment, Formaldehyde Free, Waste Digester, Septic Tank Safe, 5 Gallon Bottle (96754)</p><p>$248.18</p><a href="https://www.amazon.com/dp/B08YRVH2QV?tag=eloabder-20&linkCode=osi&th=1&psc=1">View Product</a></div><div class="product"><a href="https://www.amazon.com/dp/B0BPMW7485?tag=eloabder-20&linkCode=osi&th=1&psc=1"><img src="https://m.media-amazon.com/images/I/51WNuQeew7L._SL500_.jpg" alt="Product Image"></a><p>XFasten Butyl Tape Black 1/2” x 30’ x 1/8" Butyl Sealant Tape Headlight Sealant Putty Tape | Black Butyl Caulking Tape | Butyl Tape RV Putty Tape EPDM Automotive Butyl Rubber Window Sealant for RV</p><p>$13.99 ($0.47 / Foot)</p><a href="https://www.amazon.com/dp/B0BPMW7485?tag=eloabder-20&linkCode=osi&th=1&psc=1">View Product</a></div>
<div class="product"><a href="https://www.amazon.com/dp/B006DXWZQU?tag=eloabder-20&linkCode=osi&th=1&psc=1"><img src="https://m.media-amazon.com/images/I/41wtqfFFfQL._SL500_.jpg" alt="Product Image"></a><p>FRAM Ultra Synthetic Automotive Replacement Oil Filter, Designed for Synthetic Oil Changes Lasting up to 20k Miles, XG10575 with SureGrip (Pack of 1)</p><p>$10.79</p><a href="https://www.amazon.com/dp/B006DXWZQU?tag=eloabder-20&linkCode=osi&th=1&psc=1">View Product</a></div><div class="product"><a href="https://www.amazon.com/dp/B01LH7L0XA?tag=eloabder-20&linkCode=osi&th=1&psc=1"><img src="https://m.media-amazon.com/images/I/41yD3QmbyZL._SL500_.jpg" alt="Product Image"></a><p>Shell Rotella T4 Triple Protection Conventional 15W-40 Diesel Engine Oil (1-Gallon, Single Pack)</p><p>$15.98 ($0.12 / Fl Oz)</p><a href="https://www.amazon.com/dp/B01LH7L0XA?tag=eloabder-20&linkCode=osi&th=1&psc=1">View Product</a></div><div class="product"><a href="https://www.amazon.com/dp/B00ICSWGJ0?tag=eloabder-20&linkCode=osi&th=1&psc=1"><img src="https://m.media-amazon.com/images/I/41Ahz5dVc5L._SL500_.jpg" alt="Product Image"></a><p>Castrol Edge 5W-30 Advanced Full Synthetic Motor Oil, 5 Quarts</p><p>$24.72 ($0.15 / Fl Oz)</p><a href="https://www.amazon.com/dp/B00ICSWGJ0?tag=eloabder-20&linkCode=osi&th=1&psc=1">View Product</a></div><div class="product"><a href="https://www.amazon.com/dp/B01N8RPDT8?tag=eloabder-20&linkCode=osi&th=1&psc=1"><img src="https://m.media-amazon.com/images/I/41Qm+9e8sCL._SL500_.jpg" alt="Product Image"></a><p>Motorcraft - Oil - Engine (XO10W305Q3SD)</p><p>$32.27</p><a href="https://www.amazon.com/dp/B01N8RPDT8?tag=eloabder-20&linkCode=osi&th=1&psc=1">View Product</a></div>
<div class="product"><a href="https://www.amazon.com/dp/B07FTRZLM5?tag=eloabder-20&linkCode=osi&th=1&psc=1"><img src="https://m.media-amazon.com/images/I/416uoNYOsXL._SL500_.jpg" alt="Product Image"></a><p>Chemical Guys HOL126 14-Piece Arsenal Builder Car Wash Kit with Foam Gun, Bucket, and (5) 16 oz Car Care Cleaning Chemicals, Gift for Car & Truck Lovers, Dads and DIYers (Works w/Garden Hose)</p><p>$119.99</p><a href="https://www.amazon.com/dp/B07FTRZLM5?tag=eloabder-20&linkCode=osi&th=1&psc=1">View Product</a></div><div class="product"><a href="https://www.amazon.com/dp/B0741RL23Q?tag=eloabder-20&linkCode=osi&th=1&psc=1"><img src="https://m.media-amazon.com/images/I/410wwKZBYVL._SL500_.jpg" alt="Product Image"></a><p>Chemical Guys SPI220 Total Interior Cleaner and Protectant, Safe for Cars, Trucks, SUVs, Jeeps, Motorcycles, RVs & More, 128 fl oz (1 Gallon)</p><p>$54.99 ($0.43 / Fl Oz)</p><a href="https://www.amazon.com/dp/B0741RL23Q?tag=eloabder-20&linkCode=osi&th=1&psc=1">View Product</a></div><div class="product"><a href="https://www.amazon.com/dp/B002J7VX4Y?tag=eloabder-20&linkCode=osi&th=1&psc=1"><img src="https://m.media-amazon.com/images/I/41oijnffQ0L._SL500_.jpg" alt="Product Image"></a><p>Chemical Guys AIR_101_16 New Car Smell Premium Air Freshener and Odor Eliminator, Long-Lasting Scent, Great for Cars, Trucks, SUVs, RVs & More, 16 fl oz</p><p>$10.99 ($0.69 / Fl Oz)</p><a href="https://www.amazon.com/dp/B002J7VX4Y?tag=eloabder-20&linkCode=osi&th=1&psc=1">View Product</a></div><div class="product"><a href="https://www.amazon.com/dp/B077TPG55M?tag=eloabder-20&linkCode=osi&th=1&psc=1"><img src="https://m.media-amazon.com/images/I/51aYksYRthL._SL500_.jpg" alt="Product Image"></a><p>Chemical Guys CWS20264 Tough Mudder Foaming Truck, Off Road, ATV and RV Heavy Duty Wash Soap,(Works with Foam Cannons, Foam Guns or Bucket Washes), 64 fl oz (Half Gallon), Lemon Scent</p><p>$39.99 ($0.62 / Fl Oz)</p><a href="https://www.amazon.com/dp/B077TPG55M?tag=eloabder-20&linkCode=osi&th=1&psc=1">View Product</a></div><div class="product"><a href="https://www.amazon.com/dp/B00BJCAPEE?tag=eloabder-20&linkCode=osi&th=1&psc=1"><img src="https://m.media-amazon.com/images/I/416RIPKVW1L._SL500_.jpg" alt="Product Image"></a><p>Chemical Guys CWS_402 Mr. Pink Foaming Car Wash Soap (Works with Foam Cannons, Foam Guns or Bucket Washes) Safe for Cars, Trucks, Motorcycles, RVs & More, 128 fl oz, Candy Scent</p><p>$39.99 ($0.31 / Fl Oz)</p><a href="https://www.amazon.com/dp/B00BJCAPEE?tag=eloabder-20&linkCode=osi&th=1&psc=1">View Product</a></div><div class="product"><a href="https://www.amazon.com/dp/B01C6AISUK?tag=eloabder-20&linkCode=osi&th=1&psc=1"><img src="https://m.media-amazon.com/images/I/41FrDCDPB6S._SL500_.jpg" alt="Product Image"></a><p>Chemical Guys CLD_700_16 Mat Renew Rubber + Vinyl Floor Mat Cleaner And Protectant, Safe for Cars, Trucks, SUVs, Motorcycles, RVs & More, 16 fl oz</p><p>$10.99 ($0.69 / Fl Oz)</p><a href="https://www.amazon.com/dp/B01C6AISUK?tag=eloabder-20&linkCode=osi&th=1&psc=1">View Product</a></div><div class="product"><a href="https://www.amazon.com/dp/B01N76S0A7?tag=eloabder-20&linkCode=osi&th=1&psc=1"><img src="https://m.media-amazon.com/images/I/51jurhYPCgL._SL500_.jpg" alt="Product Image"></a><p>Chemical Guys HOL131 Premium Chenille Microfiber Car Wash Mop and Heavy Duty Extendable Pole Kit (Great for RVs, Trucks, SUVs, Jeeps & Large Vehicles), With Mr. Pink Foaming Car Wash Soap - 4 fl oz</p><p>$49.99</p><a href="https://www.amazon.com/dp/B01N76S0A7?tag=eloabder-20&linkCode=osi&th=1&psc=1">View Product</a></div><div class="product"><a href="https://www.amazon.com/dp/B009OTW646?tag=eloabder-20&linkCode=osi&th=1&psc=1"><img src="https://m.media-amazon.com/images/I/41lG36UqLBL._SL500_.jpg" alt="Product Image"></a><p>Chemical Guys CWS 110 Honeydew Snow Foam Car Wash Soap (Works with Foam Cannons, Guns or Bucket Washes) Safe for Trucks, Motorcycles, RVs & More, 128 fl oz (1 Gallon), Honeydew Scent</p><p>$39.99 ($0.31 / Fl Oz)</p><a href="https://www.amazon.com/dp/B009OTW646?tag=eloabder-20&linkCode=osi&th=1&psc=1">View Product</a></div><div class="product"><a href="https://www.amazon.com/dp/B08P54Z2C2?tag=eloabder-20&linkCode=osi&th=1&psc=1"><img src="https://m.media-amazon.com/images/I/41Ra65iS2OL._SL500_.jpg" alt="Product Image"></a><p>Chemical Guys WAC23316 HydroSpeed Ceramic Quick Detailer, Safe for Cars, Trucks, SUVs, Motorcycles, RVs & More, 16 fl oz</p><p>$24.99</p><a href="https://www.amazon.com/dp/B08P54Z2C2?tag=eloabder-20&linkCode=osi&th=1&psc=1">View Product</a></div>
<div class="product"><a href="https://www.amazon.com/dp/B0C7WLPQC7?tag=eloabder-20&linkCode=osi&th=1&psc=1"><img src="https://m.media-amazon.com/images/I/41hJeSxsSWL._SL500_.jpg" alt="Product Image"></a><p>Detail King Car Odor Removal - Chlorine Dioxide Cup - Extreme Odor Eliminator For Car - Safe And Easy To Use (3 Oz (Pack of 1) - Plastic)</p><p>$24.95 ($8.32 / Ounce)</p><a href="https://www.amazon.com/dp/B0C7WLPQC7?tag=eloabder-20&linkCode=osi&th=1&psc=1">View Product</a></div>

<div class="product"><a href="https://www.amazon.com/dp/B0052XFWCG?tag=eloabder-20&linkCode=osi&th=1&psc=1"><img src="https://m.media-amazon.com/images/I/41qajeJVXLL._SL500_.jpg" alt="Product Image"></a><p>Hot Shot's Secret HSS64Z Original Stiction Eliminator 64 Fluid Ounce Bottle, Green</p><p>$53.45 ($0.84 / Fl Oz)</p><a href="https://www.amazon.com/dp/B0052XFWCG?tag=eloabder-20&linkCode=osi&th=1&psc=1">View Product</a></div><div class="product"><a href="https://www.amazon.com/dp/B009M64CAW?tag=eloabder-20&linkCode=osi&th=1&psc=1"><img src="https://m.media-amazon.com/images/I/417D8X0nkBL._SL500_.jpg" alt="Product Image"></a><p>Lucas Oil 10679 Hot Rod & Classic Car SAE 10W-30 Motor Oil - 5 Quart</p><p>$38.50 ($0.24 / Fl Oz)</p><a href="https://www.amazon.com/dp/B009M64CAW?tag=eloabder-20&linkCode=osi&th=1&psc=1">View Product</a></div><div class="product"><a href="https://www.amazon.com/dp/B01L9ARY9O?tag=eloabder-20&linkCode=osi&th=1&psc=1"><img src="https://m.media-amazon.com/images/I/51yaZAYH75L._SL500_.jpg" alt="Product Image"></a><p>FPPF Chemical Co 00161 16 OZ HOT 4-in-1 Heating Oil Treatment (2 Bottles)</p><p>$26.42</p><a href="https://www.amazon.com/dp/B01L9ARY9O?tag=eloabder-20&linkCode=osi&th=1&psc=1">View Product</a></div><div class="product"><a href="https://www.amazon.com/dp/B009M64CUM?tag=eloabder-20&linkCode=osi&th=1&psc=1"><img src="https://m.media-amazon.com/images/I/41yiWaF8YQL._SL500_.jpg" alt="Product Image"></a><p>Lucas Oil 10683 Hot Rod & Classic Car SAE 10W-40 Motor Oil - 5 Quart</p><p>$43.24 ($0.27 / Fl Oz)</p><a href="https://www.amazon.com/dp/B009M64CUM?tag=eloabder-20&linkCode=osi&th=1&psc=1">View Product</a></div><div class="product"><a href="https://www.amazon.com/dp/B0973HNRH9?tag=eloabder-20&linkCode=osi&th=1&psc=1"><img src="https://m.media-amazon.com/images/I/41kyGGJa--L._SL500_.jpg" alt="Product Image"></a><p>Hot Shot's Secret FR3 Friction Reducer 64 Fluid Ounce 2 Quarts, Light Yellow Liquid, (HSSFR364Z)</p><p>$59.73 ($0.93 / Fl Oz)</p><a href="https://www.amazon.com/dp/B0973HNRH9?tag=eloabder-20&linkCode=osi&th=1&psc=1">View Product</a></div><div class="product"><a href="https://www.amazon.com/dp/B082YFQQ25?tag=eloabder-20&linkCode=osi&th=1&psc=1"><img src="https://m.media-amazon.com/images/I/511PTX7LlZL._SL500_.jpg" alt="Product Image"></a><p>Hot Shot's Secret Green Diamond 100 Percent Synthetic 15W40 Oil Diesel 1 Gallon</p><p>$39.99 ($0.31 / Fl Oz)</p><a href="https://www.amazon.com/dp/B082YFQQ25?tag=eloabder-20&linkCode=osi&th=1&psc=1">View Product</a></div>















<div class="product"><a href="https://www.amazon.com/dp/B08PTMXCJL?tag=eloabder-20&linkCode=osi&th=1&psc=1"><img src="https://m.media-amazon.com/images/I/410eJv-7UHL._SL500_.jpg" alt="Product Image"></a><p>Moly Grease | 3% Molybdenum Disulfide | Fifth Wheel | 5th | Automotive | Tractor | Axle | Spline | CV Joint | Lithium EP Grease | High Temp | 35 LB Pail Bucket | Black Moly | NLGI 2 | HeavyDuty Moly</p><p>$174.99 ($0.31 / Ounce)</p><a href="https://www.amazon.com/dp/B08PTMXCJL?tag=eloabder-20&linkCode=osi&th=1&psc=1">View Product</a></div><div class="product"><a href="https://www.amazon.com/dp/B08PTHJTK5?tag=eloabder-20&linkCode=osi&th=1&psc=1"><img src="https://m.media-amazon.com/images/I/41VdMjJ38aL._SL500_.jpg" alt="Product Image"></a><p>Wheel Bearing Grease Pail | Lithium Complex | High Temp EP | CV Joint | Axle | Automotive | Tractor | Truck | Ball Joint | Marine Boat | Gear | Heavy Duty | Blue | 35 LB Bucket | NLGI 2 | MultiPurpose</p><p>$167.99 ($0.30 / Ounce)</p><a href="https://www.amazon.com/dp/B08PTHJTK5?tag=eloabder-20&linkCode=osi&th=1&psc=1">View Product</a></div><div class="product"><a href="https://www.amazon.com/dp/B0013J1UA6?tag=eloabder-20&linkCode=osi&th=1&psc=1"><img src="https://m.media-amazon.com/images/I/41G0Fkf7KnL._SL500_.jpg" alt="Product Image"></a><p>CRC Food Grade Chain Lube 03055 – 12 Wt. Oz. Aerosol, NSF H1 Gear, Chain, and Wire Lubricant</p><p>$19.25 ($1.60 / Ounce)</p><a href="https://www.amazon.com/dp/B0013J1UA6?tag=eloabder-20&linkCode=osi&th=1&psc=1">View Product</a></div>





<div class="product"><a href="https://www.amazon.com/dp/B08GQ9G2V5?tag=eloabder-20&linkCode=osi&th=1&psc=1"><img src="https://m.media-amazon.com/images/I/511+rapOlWL._SL500_.jpg" alt="Product Image"></a><p>Armor All Car Air Freshener and Purifier, Car Odor Eliminator, 1.5 Ounce (Pack of 3)</p><p>$21.21 ($4.71 / Ounce)</p><a href="https://www.amazon.com/dp/B08GQ9G2V5?tag=eloabder-20&linkCode=osi&th=1&psc=1">View Product</a></div>







<div class="product"><a href="https://www.amazon.com/dp/B001229JCU?tag=eloabder-20&linkCode=osi&th=1&psc=1"><img src="https://m.media-amazon.com/images/I/31W6FuKPMcL._SL500_.jpg" alt="Product Image"></a><p>First Alert EZ Fire Spray, Extinguishing Aerosol Spray, AF400 Red 18 Ounce (Pack of 1)</p><p>$12.49</p><a href="https://www.amazon.com/dp/B001229JCU?tag=eloabder-20&linkCode=osi&th=1&psc=1">View Product</a></div><div class="product"><a href="https://www.amazon.com/dp/B002U0KGDY?tag=eloabder-20&linkCode=osi&th=1&psc=1"><img src="https://m.media-amazon.com/images/I/51p6R+mcRhL._SL500_.jpg" alt="Product Image"></a><p>First Alert EZ Fire Spray, Extinguishing Aerosol Spray, Pack of 2, AF400-2, RED</p><p>$27.02</p><a href="https://www.amazon.com/dp/B002U0KGDY?tag=eloabder-20&linkCode=osi&th=1&psc=1">View Product</a></div>
<div class="product"><a href="https://www.amazon.com/dp/B0088LVBUQ?tag=eloabder-20&linkCode=osi&th=1&psc=1"><img src="https://m.media-amazon.com/images/I/31h7l-l6u2L._SL500_.jpg" alt="Product Image"></a><p>Seymour EN-59 Hi-Tech Engine Spray Paint, General Motors Red</p><p>$9.08 ($0.76 / Ounce)</p><a href="https://www.amazon.com/dp/B0088LVBUQ?tag=eloabder-20&linkCode=osi&th=1&psc=1">View Product</a></div>




<div class="product"><a href="https://www.amazon.com/dp/B000HBNU9K?tag=eloabder-20&linkCode=osi&th=1&psc=1"><img src="https://m.media-amazon.com/images/I/41URzfKaVsL._SL500_.jpg" alt="Product Image"></a><p>Permatex 27828 Body Shop Heavy Duty Headliner Adhesive, High-Strength Spray Adhesive, Repair Detached Or Loose Interior Parts, Dries Clear, Aerosol Can, 16.75 Oz</p><p>$17.05 ($1.02 / Ounce)</p><a href="https://www.amazon.com/dp/B000HBNU9K?tag=eloabder-20&linkCode=osi&th=1&psc=1">View Product</a></div><div class="product"><a href="https://www.amazon.com/dp/B001VXXEXU?tag=eloabder-20&linkCode=osi&th=1&psc=1"><img src="https://m.media-amazon.com/images/I/5112onMwzaL._SL500_.jpg" alt="Product Image"></a><p>Vibra-TITE 213 Red VC-3 Original Threadmate, 250ml Can</p><p>$99.19</p><a href="https://www.amazon.com/dp/B001VXXEXU?tag=eloabder-20&linkCode=osi&th=1&psc=1">View Product</a></div><div class="product"><a href="https://www.amazon.com/dp/B0CWPSLTR1?tag=eloabder-20&linkCode=osi&th=1&psc=1"><img src="https://m.media-amazon.com/images/I/31ytleZjjaL._SL500_.jpg" alt="Product Image"></a><p>P & S PROFESSIONAL DETAIL PRODUCTS - Terminator Enzyme Spot and Stain Remover - Perfect for Deodorizing, Removing Embedded Soils, Grease, Dirt, and Protein-Based Stains; Fresh Scent (1 Quart)</p><p>$25.95 ($0.81 / Fl Oz)</p><a href="https://www.amazon.com/dp/B0CWPSLTR1?tag=eloabder-20&linkCode=osi&th=1&psc=1">View Product</a></div><div class="product"><a href="https://www.amazon.com/dp/B07GFNQL9H?tag=eloabder-20&linkCode=osi&th=1&psc=1"><img src="https://m.media-amazon.com/images/I/41AA3Nbt8OL._SL500_.jpg" alt="Product Image"></a><p>Gunk FEB1 Foamy Engine Brite Engine Cleaner - 17oz. 2 Pack</p><p>$17.95 ($0.53 / Ounce)</p><a href="https://www.amazon.com/dp/B07GFNQL9H?tag=eloabder-20&linkCode=osi&th=1&psc=1">View Product</a></div>



<div class="product"><a href="https://www.amazon.com/dp/B003SKCARK?tag=eloabder-20&linkCode=osi&th=1&psc=1"><img src="https://m.media-amazon.com/images/I/41rvU5irgRL._SL500_.jpg" alt="Product Image"></a><p>Obenauf's Heavy Duty LP Leather Preservative (4oz)- All Natural Beeswax Oil Conditioner- Rejuvenate Restore & Preserve Sunfaded or Cracked Boots Jackets Saddles Car Auto Upholstery Furniture- USA Made</p><p>$15.99</p><a href="https://www.amazon.com/dp/B003SKCARK?tag=eloabder-20&linkCode=osi&th=1&psc=1">View Product</a></div>
Aucun résultat trouvé.

<div class="product"><a href="https://www.amazon.com/dp/B0CLWDDWHX?tag=eloabder-20&linkCode=osi&th=1&psc=1"><img src="https://m.media-amazon.com/images/I/51HPMtia03L._SL500_.jpg" alt="Product Image"></a><p>Fire Fix Fire Extinguisher for Home 5-Pack | Made in USA | Emergency Fire Spray Foam for Apartment, Boat, Camping, Car, House, Kitchen & Vehicle | Safety & Survival | Compact, Small, Safe & Easy Use</p><p>$56.95</p><a href="https://www.amazon.com/dp/B0CLWDDWHX?tag=eloabder-20&linkCode=osi&th=1&psc=1">View Product</a></div><div class="product"><a href="https://www.amazon.com/dp/B0CKZF9H3D?tag=eloabder-20&linkCode=osi&th=1&psc=1"><img src="https://m.media-amazon.com/images/I/41+Q4YdByuL._SL500_.jpg" alt="Product Image"></a><p>Firexo All Fires Fire Extinguisher - Multipurpose Mini Aerosol - Pack of 6 - Home, Kitchen, Car, Garage, Boat, Caravan, Camping Household, ABC, Vehicle, Compact, RV, Emergency Equipment (0.1 Gal)</p><p>$139.99</p><a href="https://www.amazon.com/dp/B0CKZF9H3D?tag=eloabder-20&linkCode=osi&th=1&psc=1">View Product</a></div>
Aucun résultat trouvé.
Aucun résultat trouvé.






<div class="product"><a href="https://www.amazon.com/dp/B00FOKOKMU?tag=eloabder-20&linkCode=osi&th=1&psc=1"><img src="https://m.media-amazon.com/images/I/41KsUW-6WOL._SL500_.jpg" alt="Product Image"></a><p>The Original Leather Recoloring Balm by Furniture Clinic - 16 Colors - Leather Repair Kit for Furniture - Restore Couches, Car Seats & More - Leather Dye for Scratched and Faded Leather (Beige)</p><p>$29.95</p><a href="https://www.amazon.com/dp/B00FOKOKMU?tag=eloabder-20&linkCode=osi&th=1&psc=1">View Product</a></div>


<div class="product"><a href="https://www.amazon.com/dp/B0BQX6CPLS?tag=eloabder-20&linkCode=osi&th=1&psc=1"><img src="https://m.media-amazon.com/images/I/51OtuHOIJpL._SL500_.jpg" alt="Product Image"></a><p>Dry Stop Fire Spray by Prepared Hero - 8 Pack - Portable Fire Extinguisher for Home, Car, Garage, Kitchen - Works on Electrical, Grease, Battery Fires & More - Compact, Easy to Use</p><p>$143.99</p><a href="https://www.amazon.com/dp/B0BQX6CPLS?tag=eloabder-20&linkCode=osi&th=1&psc=1">View Product</a></div><div class="product"><a href="https://www.amazon.com/dp/B0BQX76B9K?tag=eloabder-20&linkCode=osi&th=1&psc=1"><img src="https://m.media-amazon.com/images/I/51iHCSuHw5L._SL500_.jpg" alt="Product Image"></a><p>Vapor Clean Fire Spray by Prepared Hero - 8 Pack - Portable Fire Extinguisher for Home, Car, Garage, Kitchen - Works on Electrical, Grease, Battery Fires & More - Compact, Easy to Use</p><p>$143.99</p><a href="https://www.amazon.com/dp/B0BQX76B9K?tag=eloabder-20&linkCode=osi&th=1&psc=1">View Product</a></div><div class="product"><a href="https://www.amazon.com/dp/B0C32NVZJZ?tag=eloabder-20&linkCode=osi&th=1&psc=1"><img src="https://m.media-amazon.com/images/I/61coxTM3mSL._SL500_.jpg" alt="Product Image"></a><p>Houandg Water-Based Fire Extinguisher- 2 Pack Portable Solution for All Fire Types in Homes, Vehicles, Kitchens - Prevents Re-Ignition</p><p>$33.98</p><a href="https://www.amazon.com/dp/B0C32NVZJZ?tag=eloabder-20&linkCode=osi&th=1&psc=1">View Product</a></div>
<div class="product"><a href="https://www.amazon.com/dp/B00L3W1OAO?tag=eloabder-20&linkCode=osi&th=1&psc=1"><img src="https://m.media-amazon.com/images/I/414uILMLuaL._SL500_.jpg" alt="Product Image"></a><p>Pro F/X Rubber Mask Grease Wheel - 1 Ounce - Trauma</p><p>$27.01</p><a href="https://www.amazon.com/dp/B00L3W1OAO?tag=eloabder-20&linkCode=osi&th=1&psc=1">View Product</a></div>
<div class="product"><a href="https://www.amazon.com/dp/B0CZ16SHCH?tag=eloabder-20&linkCode=osi&th=1&psc=1"><img src="https://m.media-amazon.com/images/I/31pYxaz4gYL._SL500_.jpg" alt="Product Image"></a><p>P & S PROFESSIONAL DETAIL PRODUCTS - Rehab - Paint Correction Creme Safe for All Paint Types and with Multiple pad Types - Easy-to-use-Formula Works at Any Stage of Paint Correction - 1 Quart</p><p>$56.95</p><a href="https://www.amazon.com/dp/B0CZ16SHCH?tag=eloabder-20&linkCode=osi&th=1&psc=1">View Product</a></div><div class="product"><a href="https://www.amazon.com/dp/B082BG8HLX?tag=eloabder-20&linkCode=osi&th=1&psc=1"><img src="https://m.media-amazon.com/images/I/31OAXbv7QFL._SL500_.jpg" alt="Product Image"></a><p>Lithium Auto Elixirs Color Crush- A rather intense approach to an Instant Detailer, Infused with color enhancing technology - Extremely Hydrophobic ingredients, long lasting Instant Detailer</p><p>$19.95 ($1.25 / Fl Oz)</p><a href="https://www.amazon.com/dp/B082BG8HLX?tag=eloabder-20&linkCode=osi&th=1&psc=1">View Product</a></div><div class="product"><a href="https://www.amazon.com/dp/B07MTPWZ76?tag=eloabder-20&linkCode=osi&th=1&psc=1"><img src="https://m.media-amazon.com/images/I/41v5yubrqoL._SL500_.jpg" alt="Product Image"></a><p>Lithium Seal and Squeal Paint Sealant/Polish - Incredible Shine and Lasting Protection - Curable Amino Functional Polymers Fused with Si02 Ceramic Nano Technology -Lasts for up to 12 Months (16 oz)</p><p>$39.99 ($2.50 / Ounce)</p><a href="https://www.amazon.com/dp/B07MTPWZ76?tag=eloabder-20&linkCode=osi&th=1&psc=1">View Product</a></div><div class="product"><a href="https://www.amazon.com/dp/B07MVNX377?tag=eloabder-20&linkCode=osi&th=1&psc=1"><img src="https://m.media-amazon.com/images/I/31gEqFf7rhL._SL500_.jpg" alt="Product Image"></a><p>Leather Love - The Best Leather Conditioner On The Planet, Brings Old Leather Back To Life, All Natural Ingredients Mixed With Serious Science, Restores, Rehydrates, Protects (8oz)</p><p>$28.99 ($3.62 / Ounce)</p><a href="https://www.amazon.com/dp/B07MVNX377?tag=eloabder-20&linkCode=osi&th=1&psc=1">View Product</a></div><div class="product"><a href="https://www.amazon.com/dp/B07MTQP514?tag=eloabder-20&linkCode=osi&th=1&psc=1"><img src="https://m.media-amazon.com/images/I/311IYwH-oaL._SL500_.jpg" alt="Product Image"></a><p>Trim Serum- Plastic Restorer- Restores Even the Most Damaged Plastic, Rubber and Vinyl, Last For Months, Penetrates Plastic Pores Restoring Color. (16 Oz)</p><p>$36.99</p><a href="https://www.amazon.com/dp/B07MTQP514?tag=eloabder-20&linkCode=osi&th=1&psc=1">View Product</a></div><div class="product"><a href="https://www.amazon.com/dp/B07236X7TS?tag=eloabder-20&linkCode=osi&th=1&psc=1"><img src="https://m.media-amazon.com/images/I/51-mgxYD9kL._SL500_.jpg" alt="Product Image"></a><p>Skidmore's Biker Edition Leather Cream | All Natural Formula Cleans, Conditions, and Protects your Motorcycle | Made in USA</p><p>$44.98</p><a href="https://www.amazon.com/dp/B07236X7TS?tag=eloabder-20&linkCode=osi&th=1&psc=1">View Product</a></div><div class="product"><a href="https://www.amazon.com/dp/B001CS6HH4?tag=eloabder-20&linkCode=osi&th=1&psc=1"><img src="https://m.media-amazon.com/images/I/41wY0SB+DWL._SL500_.jpg" alt="Product Image"></a><p>Fiebing's Yellow Saddle Soap for Leather (3.5 oz Tin) - Leather Cleaner & Conditioner to Soften, Protect & Restore Leathercraft - Leather Soap for Car Seat, Couch, Shoe, Purse, Boot, Bag, & Saddles</p><p>$7.15 ($2.04 / Ounce)</p><a href="https://www.amazon.com/dp/B001CS6HH4?tag=eloabder-20&linkCode=osi&th=1&psc=1">View Product</a></div><div class="product"><a href="https://www.amazon.com/dp/B08RHZ1BKD?tag=eloabder-20&linkCode=osi&th=1&psc=1"><img src="https://m.media-amazon.com/images/I/21WKh31c4tL._SL500_.jpg" alt="Product Image"></a><p>Lithium Ignite After Wash - Conditions and Shines Surfaces as You Dry. Streak-Free Hydrophobic Formula adds Lubrication to Stop Micro Scratching While Surfaces pop with Color.</p><p>$21.99 ($1.37 / Fl Oz)</p><a href="https://www.amazon.com/dp/B08RHZ1BKD?tag=eloabder-20&linkCode=osi&th=1&psc=1">View Product</a></div><div class="product"><a href="https://www.amazon.com/dp/B0003A1T3E?tag=eloabder-20&linkCode=osi&th=1&psc=1"><img src="https://m.media-amazon.com/images/I/41042PKJ1ZL._SL500_.jpg" alt="Product Image"></a><p>URAD One step All-In-One Leather conditioner 140g - NEUTRAL</p><p>$16.13</p><a href="https://www.amazon.com/dp/B0003A1T3E?tag=eloabder-20&linkCode=osi&th=1&psc=1">View Product</a></div>

<div class="product"><a href="https://www.amazon.com/dp/B0B3NFH3QY?tag=eloabder-20&linkCode=osi&th=1&psc=1"><img src="https://m.media-amazon.com/images/I/51sKVZnP-WL._SL500_.jpg" alt="Product Image"></a><p>Little Joe 96427-6PK I Love Hockey New Car Scent Red Car Air Freshener A/C Vent Clip Uses Alcohol-Free Fragrance Oil is Non-Hazardous and Non-Toxic Plastic, Pack of 6</p><p>$21.99 ($3.66 / Count)</p><a href="https://www.amazon.com/dp/B0B3NFH3QY?tag=eloabder-20&linkCode=osi&th=1&psc=1">View Product</a></div><div class="product"><a href="https://www.amazon.com/dp/B072275K82?tag=eloabder-20&linkCode=osi&th=1&psc=1"><img src="https://m.media-amazon.com/images/I/41wDnF6SiAL._SL500_.jpg" alt="Product Image"></a><p>Little Joe 96404-6PK Fruit Scent, Car Air Freshener, Clips to A/C Air Vent, Alcohol-Free Fragrance Oil, Non-Hazardous and Non-Toxic Plastic, Set of 6</p><p>$16.60 ($2.77 / Count)</p><a href="https://www.amazon.com/dp/B072275K82?tag=eloabder-20&linkCode=osi&th=1&psc=1">View Product</a></div><div class="product"><a href="https://www.amazon.com/dp/B0CQPQ2S4W?tag=eloabder-20&linkCode=osi&th=1&psc=1"><img src="https://m.media-amazon.com/images/I/31iRknmvjeL._SL500_.jpg" alt="Product Image"></a><p>Little Pup 96613 Blue Raspberry Slushy Scent Car Air Freshener A/C Vent Clip Uses Alcohol-Free Fragrance Oil is Non Hazardous and Non Toxic, Pack of 1</p><p>$3.94</p><a href="https://www.amazon.com/dp/B0CQPQ2S4W?tag=eloabder-20&linkCode=osi&th=1&psc=1">View Product</a></div><div class="product"><a href="https://www.amazon.com/dp/B0CQPNMTM4?tag=eloabder-20&linkCode=osi&th=1&psc=1"><img src="https://m.media-amazon.com/images/I/41eEovL+zML._SL500_.jpg" alt="Product Image"></a><p>Little Joe 96414-6PK Orange Creamsicle Scent Car Air Freshener A/C Vent Clip Uses Alcohol-Free Fragrance Oil is Non-Hazardous and Non-Toxic Plastic, Pack of 6</p><p>$25.99 ($4.33 / Count)</p><a href="https://www.amazon.com/dp/B0CQPNMTM4?tag=eloabder-20&linkCode=osi&th=1&psc=1">View Product</a></div><div class="product"><a href="https://www.amazon.com/dp/B0CH9KNNZN?tag=eloabder-20&linkCode=osi&th=1&psc=1"><img src="https://m.media-amazon.com/images/I/41jX66PGMTL._SL500_.jpg" alt="Product Image"></a><p>TAKAVU Clay Bars Auto Detailing 2 Pack X 100g, Premium Grade Material, Magic Clay Bar Cleaner for Cars, RV, Boat and Bus (Grey)</p><p>$9.99</p><a href="https://www.amazon.com/dp/B0CH9KNNZN?tag=eloabder-20&linkCode=osi&th=1&psc=1">View Product</a></div>

<div class="product"><a href="https://www.amazon.com/dp/B004UM6DLE?tag=eloabder-20&linkCode=osi&th=1&psc=1"><img src="https://m.media-amazon.com/images/I/314nawyx6sL._SL500_.jpg" alt="Product Image"></a><p>CARPRO IronX Iron Remover: Stops Rust Spots and Pre-Mature Failure of The Clear Coat, Iron Contaminant Removal - 500mL with Sprayer (17oz)</p><p>$26.78</p><a href="https://www.amazon.com/dp/B004UM6DLE?tag=eloabder-20&linkCode=osi&th=1&psc=1">View Product</a></div><div class="product"><a href="https://www.amazon.com/dp/B01HXZXO98?tag=eloabder-20&linkCode=osi&th=1&psc=1"><img src="https://m.media-amazon.com/images/I/41Ne9OfQGzL._SL500_.jpg" alt="Product Image"></a><p>Chemical Guys CWS80316 Clean Slate Deep Surface Cleaning Car Wash Soap (Removes Old Car Waxes, Glazes & Sealants for Superior Surface Prep), 16 fl oz, Citrus Scent</p><p>$11.99 ($0.75 / Fl Oz)</p><a href="https://www.amazon.com/dp/B01HXZXO98?tag=eloabder-20&linkCode=osi&th=1&psc=1">View Product</a></div><div class="product"><a href="https://www.amazon.com/dp/B07C39H9YX?tag=eloabder-20&linkCode=osi&th=1&psc=1"><img src="https://m.media-amazon.com/images/I/31yK3Vb5xWL._SL500_.jpg" alt="Product Image"></a><p>Adam's Polishes Iron Remover (16oz) - Iron Out Fallout Rust Remover Spray for Car Detailing | Remove Iron Particles in Car Paint, Motorcycle, RV & Boat | Use Before Clay Bar, Car Wax or Car Wash</p><p>$16.99</p><a href="https://www.amazon.com/dp/B07C39H9YX?tag=eloabder-20&linkCode=osi&th=1&psc=1">View Product</a></div><div class="product"><a href="https://www.amazon.com/dp/B0BTJ9DJM5?tag=eloabder-20&linkCode=osi&th=1&psc=1"><img src="https://m.media-amazon.com/images/I/41tNMqlDrxL._SL500_.jpg" alt="Product Image"></a><p>Torque Detail Decon Wash Pack - Decontamination Soap 8oz + Wash Mitt - Surface Strip Wash Car Shampoo - Highly Absorbent Microfiber Chenille Car Wash Mitt Safely Cleans Your Vehicles Entire Surface</p><p>$24.95 ($3.12 / Fl Oz)</p><a href="https://www.amazon.com/dp/B0BTJ9DJM5?tag=eloabder-20&linkCode=osi&th=1&psc=1">View Product</a></div><div class="product"><a href="https://www.amazon.com/dp/B013K5V9PQ?tag=eloabder-20&linkCode=osi&th=1&psc=1"><img src="https://m.media-amazon.com/images/I/41V3rm6NlZL._SL500_.jpg" alt="Product Image"></a><p>CARPRO PolyShave Decon Towel - Car Detailing Clay Decontamination Faster than Clay Bar, Clean & Release of Paint Contaminants and Glass - Increase Wax and Sealant Bond - 12" x 12" (1 Pack)</p><p>$39.97</p><a href="https://www.amazon.com/dp/B013K5V9PQ?tag=eloabder-20&linkCode=osi&th=1&psc=1">View Product</a></div><div class="product"><a href="https://www.amazon.com/dp/B0B788NBWG?tag=eloabder-20&linkCode=osi&th=1&psc=1"><img src="https://m.media-amazon.com/images/I/51NDfAOuEmL._SL500_.jpg" alt="Product Image"></a><p>P & S Professional Detail Products - Clay Decontamination Towel - Effective Cleaning & Release of Paint Contaminants; Increase Wax & Sealant Bond; Enhance Gloss & Depth of Color; Fine Grade-12" x 12"</p><p>$34.95</p><a href="https://www.amazon.com/dp/B0B788NBWG?tag=eloabder-20&linkCode=osi&th=1&psc=1">View Product</a></div><div class="product"><a href="https://www.amazon.com/dp/B0B27TFK69?tag=eloabder-20&linkCode=osi&th=1&psc=1"><img src="https://m.media-amazon.com/images/I/41zJPQIcqeL._SL500_.jpg" alt="Product Image"></a><p>The Rag Company - Ultra Clay Decontamination Mitt - Easy to Use; Effective Cleaning & Release of Paint Contaminants; Increase Wax & Sealant Bond; Enhance Gloss &Color Depth; Fine Grade (8.7"x5.7")</p><p>$34.95</p><a href="https://www.amazon.com/dp/B0B27TFK69?tag=eloabder-20&linkCode=osi&th=1&psc=1">View Product</a></div><div class="product"><a href="https://www.amazon.com/dp/B0C6XBN14N?tag=eloabder-20&linkCode=osi&th=1&psc=1"><img src="https://m.media-amazon.com/images/I/31BSavOJ89L._SL500_.jpg" alt="Product Image"></a><p>3D Iron Remover GLW Series | DIY Car Detailing | Hyper Effective Wheel Decontamination | Removes Iron Particles, Dirt, Brake Dust | Rapid Results | Ultimate Iron & Surface Contaminate Eliminator, 16oz</p><p>$17.99</p><a href="https://www.amazon.com/dp/B0C6XBN14N?tag=eloabder-20&linkCode=osi&th=1&psc=1">View Product</a></div>







<div class="product"><a href="https://www.amazon.com/dp/B0D2SPCW3G?tag=eloabder-20&linkCode=osi&th=1&psc=1"><img src="https://m.media-amazon.com/images/I/41JYIg6xqqL._SL500_.jpg" alt="Product Image"></a><p>Crankcase Ventilation Oil Separator with Gasket Compatible for 2008-2014 Volvo Mack D13 D16 MP8 Engine Replace 21122541 20499419</p><p>$155.99</p><a href="https://www.amazon.com/dp/B0D2SPCW3G?tag=eloabder-20&linkCode=osi&th=1&psc=1">View Product</a></div>

<div class="product"><a href="https://www.amazon.com/dp/B0C6M2FHGX?tag=eloabder-20&linkCode=osi&th=1&psc=1"><img src="https://m.media-amazon.com/images/I/21wWRrpHdbL._SL500_.jpg" alt="Product Image"></a><p>eMagTech 9PCS Warning Sign Please No Smoking Vaping Food Drink Stickers 110x50mm Self-Adhesive Vinyl Window Decal for Car Taxis Buses Minibuses</p><p>$9.49</p><a href="https://www.amazon.com/dp/B0C6M2FHGX?tag=eloabder-20&linkCode=osi&th=1&psc=1">View Product</a></div>

Aucun résultat trouvé.

<div class="product"><a href="https://www.amazon.com/dp/B0CVWZZMRY?tag=eloabder-20&linkCode=osi&th=1&psc=1"><img src="https://m.media-amazon.com/images/I/512y-1GwQNL._SL500_.jpg" alt="Product Image"></a><p>Jewkot 4 PCS Car Wiper Strip, 28" Boneless Structure Car Windshield Cleaning Wiper Strip, DIY Length Auxiliary Cleaning Replacement Accessory, Suitable for Most Cars, Vans, Trucks, Buses (Black)</p><p>$5.58</p><a href="https://www.amazon.com/dp/B0CVWZZMRY?tag=eloabder-20&linkCode=osi&th=1&psc=1">View Product</a></div>
<div class="product"><a href="https://www.amazon.com/dp/B07L3VQC6W?tag=eloabder-20&linkCode=osi&th=1&psc=1"><img src="https://m.media-amazon.com/images/I/41GebP+2HYL._SL500_.jpg" alt="Product Image"></a><p>BRISA VW Collection Volkswagen Air Freshener, Room Freshener, Deodorizer for Cars T1 Bus Campervan Motif (Citrus/Yellow/Set of 2)</p><p>$13.90 ($6.95 / Count)</p><a href="https://www.amazon.com/dp/B07L3VQC6W?tag=eloabder-20&linkCode=osi&th=1&psc=1">View Product</a></div><div class="product"><a href="https://www.amazon.com/dp/B07L3V86JS?tag=eloabder-20&linkCode=osi&th=1&psc=1"><img src="https://m.media-amazon.com/images/I/41TblWhKhQL._SL500_.jpg" alt="Product Image"></a><p>BRISA VW Collection Volkswagen Air Freshener, Room Freshener, Deodorizer for Cars T1 Bus Campervan Motif (New Car/Green/Set of 2)</p><p>$13.90 ($6.95 / Count)</p><a href="https://www.amazon.com/dp/B07L3V86JS?tag=eloabder-20&linkCode=osi&th=1&psc=1">View Product</a></div>


Aucun résultat trouvé.










<div class="product"><a href="https://www.amazon.com/dp/B099HL5SV2?tag=eloabder-20&linkCode=osi&th=1&psc=1"><img src="https://m.media-amazon.com/images/I/31kcR8HnylL._SL500_.jpg" alt="Product Image"></a><p>Philips GoPure GP5212 High Performance HEPA Air Purifier for Car, Removes up to 100 Pollutants, Exhaust Fumes, VOCs, Smoke, Bad Odors, Bacteria and Viruses</p><p>$77.59</p><a href="https://www.amazon.com/dp/B099HL5SV2?tag=eloabder-20&linkCode=osi&th=1&psc=1">View Product</a></div><div class="product"><a href="https://www.amazon.com/dp/B07TB419F7?tag=eloabder-20&linkCode=osi&th=1&psc=1"><img src="https://m.media-amazon.com/images/I/41l9XK-u-eL._SL500_.jpg" alt="Product Image"></a><p>Enoch Ionic Car Air Purifier with Dual USB Car Charger. Car Air Freshener Eliminates Odor, Dust. Removes Smoke, Pet and Food Odor. Ionic Ozone Car Deodorizer (Matt Black)</p><p>$24.50</p><a href="https://www.amazon.com/dp/B07TB419F7?tag=eloabder-20&linkCode=osi&th=1&psc=1">View Product</a></div><div class="product"><a href="https://www.amazon.com/dp/B08C9LKKMM?tag=eloabder-20&linkCode=osi&th=1&psc=1"><img src="https://m.media-amazon.com/images/I/41uJDRzxfrL._SL500_.jpg" alt="Product Image"></a><p>4WDKING Car Air Purifier Ionizer, 12V Plug-in Car Air Freshener Gadgets with Dual USB Charger Removes Cigarette Smoke, Pet and Food Odor, Ionic Ozone (Black)</p><p>$22.99</p><a href="https://www.amazon.com/dp/B08C9LKKMM?tag=eloabder-20&linkCode=osi&th=1&psc=1">View Product</a></div><div class="product"><a href="https://www.amazon.com/dp/B07C7D366L?tag=eloabder-20&linkCode=osi&th=1&psc=1"><img src="https://m.media-amazon.com/images/I/51GvjMcOskL._SL500_.jpg" alt="Product Image"></a><p>Car Air Purifier Ionizer - 12V Plug-in Ionic Anti-Microbial Car Deodorizer with Dual USB Charger - Smoke Smell, Pet and Food Odors, Allergens, Viruses Eliminator for Car (Matte Silver)</p><p>$24.99</p><a href="https://www.amazon.com/dp/B07C7D366L?tag=eloabder-20&linkCode=osi&th=1&psc=1">View Product</a></div><div class="product"><a href="https://www.amazon.com/dp/B086H3FW7T?tag=eloabder-20&linkCode=osi&th=1&psc=1"><img src="https://m.media-amazon.com/images/I/51FfQTz4koL._SL500_.jpg" alt="Product Image"></a><p>bmbu 1000g Large Bamboo Charcoal Air Purifier Bag - Car Deodorizer/Car Freshener - Remove Odor and Control Moisture in Your RV, Camper, SUV, Car, Truck, Closet, Mobile Home, Storage - Non Fragrant</p><p>$22.99 ($0.65 / Ounce)</p><a href="https://www.amazon.com/dp/B086H3FW7T?tag=eloabder-20&linkCode=osi&th=1&psc=1">View Product</a></div><div class="product"><a href="https://www.amazon.com/dp/B019NXUJ5K?tag=eloabder-20&linkCode=osi&th=1&psc=1"><img src="https://m.media-amazon.com/images/I/31grLw6pdUL._SL500_.jpg" alt="Product Image"></a><p>PURGGO Car Air Freshener - Lasts 365+ Days No Chemicals 100% Activated Bamboo Charcoal Fragrance-Free Deodorizer, Natural Auto Odor Eliminator, Purifier, Neutralizer, Absorb Smoke Smell</p><p>$25.99</p><a href="https://www.amazon.com/dp/B019NXUJ5K?tag=eloabder-20&linkCode=osi&th=1&psc=1">View Product</a></div><div class="product"><a href="https://www.amazon.com/dp/B0CT5TBKH5?tag=eloabder-20&linkCode=osi&th=1&psc=1"><img src="https://m.media-amazon.com/images/I/41UB7n6FuwL._SL500_.jpg" alt="Product Image"></a><p>Timgle 1 Pack Car Air Freshener, Lasts 365+ Days, No Chemicals 100% Activated Bamboo Charcoal Fragrance, Free Deodorizer, Natural Auto Odor Eliminator, Purifier, Neutralizer (Khaki Strap)</p><p>$10.99</p><a href="https://www.amazon.com/dp/B0CT5TBKH5?tag=eloabder-20&linkCode=osi&th=1&psc=1">View Product</a></div><div class="product"><a href="https://www.amazon.com/dp/B00V4049K2?tag=eloabder-20&linkCode=osi&th=1&psc=1"><img src="https://m.media-amazon.com/images/I/51rLLMGOc6L._SL500_.jpg" alt="Product Image"></a><p>PURGGO Car Air Freshener - Auto Odor Eliminator - 100% Activated Bamboo Charcoal Air Purifier, Ionizer - Absorb and Remove Smoke Smell - Fragrance-Free Deodorizer - Lasts 365+ Days [Classic Beige]</p><p>$25.99</p><a href="https://www.amazon.com/dp/B00V4049K2?tag=eloabder-20&linkCode=osi&th=1&psc=1">View Product</a></div>








<div class="product"><a href="https://www.amazon.com/dp/B00RYGK12K?tag=eloabder-20&linkCode=osi&th=1&psc=1"><img src="https://m.media-amazon.com/images/I/51RdEyCkvuL._SL500_.jpg" alt="Product Image"></a><p>Little Trees Cardboard Hanging Car, Home & Office Air Freshener, Summer Linen (Pack of 12)</p><p>$11.82 ($0.98 / Count)</p><a href="https://www.amazon.com/dp/B00RYGK12K?tag=eloabder-20&linkCode=osi&th=1&psc=1">View Product</a></div><div class="product"><a href="https://www.amazon.com/dp/B00LM54ZD0?tag=eloabder-20&linkCode=osi&th=1&psc=1"><img src="https://m.media-amazon.com/images/I/41YuRNweefL._SL500_.jpg" alt="Product Image"></a><p>LITTLE TREES Air Fresheners Car Air Freshener. Hanging Tree Provides Long Lasting Scent for Auto or Home. Black Ice, 24 Air Fresheners</p><p>$20.19 ($0.84 / Count)</p><a href="https://www.amazon.com/dp/B00LM54ZD0?tag=eloabder-20&linkCode=osi&th=1&psc=1">View Product</a></div><div class="product"><a href="https://www.amazon.com/dp/B09BB4V1Y8?tag=eloabder-20&linkCode=osi&th=1&psc=1"><img src="https://m.media-amazon.com/images/I/51AKMdDLO-L._SL500_.jpg" alt="Product Image"></a><p>DRIVEJOY Car Air Freshener Vent Clips, 8 PK, 6 Ocean, 2 New Car Scent, Car Fresheners for Men Women, Up to 240 Days, Long Lasting Air Freshener for Car, Odor Eliminator</p><p>$9.98 ($9.60 / Fl Oz)</p><a href="https://www.amazon.com/dp/B09BB4V1Y8?tag=eloabder-20&linkCode=osi&th=1&psc=1">View Product</a></div><div class="product"><a href="https://www.amazon.com/dp/B078JWRLYT?tag=eloabder-20&linkCode=osi&th=1&psc=1"><img src="https://m.media-amazon.com/images/I/41shbIl-LEL._SL500_.jpg" alt="Product Image"></a><p>California Scents Air Freshener 4-Pack Car Air Freshener (Coronado Cherry)</p><p>$12.88 ($2.15 / Ounce)</p><a href="https://www.amazon.com/dp/B078JWRLYT?tag=eloabder-20&linkCode=osi&th=1&psc=1">View Product</a></div><div class="product"><a href="https://www.amazon.com/dp/B0CW4CJWW9?tag=eloabder-20&linkCode=osi&th=1&psc=1"><img src="https://m.media-amazon.com/images/I/417lKQ0MXPL._SL500_.jpg" alt="Product Image"></a><p>Karma, Essential Oil Air Freshener for Cars Set of 2, Home & Office - Colorful Decorative Hanging Air Freshener with Tassel, Buttercup Vanilla Scented</p><p>$8.40 ($4.20 / Count)</p><a href="https://www.amazon.com/dp/B0CW4CJWW9?tag=eloabder-20&linkCode=osi&th=1&psc=1">View Product</a></div><div class="product"><a href="https://www.amazon.com/dp/B00AYCXL2I?tag=eloabder-20&linkCode=osi&th=1&psc=1"><img src="https://m.media-amazon.com/images/I/5165h10nKbL._SL500_.jpg" alt="Product Image"></a><p>Febreze Car Air Fresheners, New Car Scent, Odor Eliminator for Strong Odors Car Vent Clips (2 Count)</p><p>$9.98 ($4.99 / Count)</p><a href="https://www.amazon.com/dp/B00AYCXL2I?tag=eloabder-20&linkCode=osi&th=1&psc=1">View Product</a></div><div class="product"><a href="https://www.amazon.com/dp/B01LZ0N1MJ?tag=eloabder-20&linkCode=osi&th=1&psc=1"><img src="https://m.media-amazon.com/images/I/41J5LJGof9L._SL500_.jpg" alt="Product Image"></a><p>LITTLE TREES Car Air Freshener | Hanging Paper Tree for Home or Car | New Car Scent | 12 Pack</p><p>$11.70 ($0.98 / Count)</p><a href="https://www.amazon.com/dp/B01LZ0N1MJ?tag=eloabder-20&linkCode=osi&th=1&psc=1">View Product</a></div><div class="product"><a href="https://www.amazon.com/dp/B0C2Q2VGPZ?tag=eloabder-20&linkCode=osi&th=1&psc=1"><img src="https://m.media-amazon.com/images/I/413gckSL1EL._SL500_.jpg" alt="Product Image"></a><p>Savage Disposable Card Freshener for Men | Car Scents Air Freshener with Sauvage Fragrance | Strong Car Perfume Air Freshener with Odour Eliminating Technology | Suvage by Perfa</p><p>$6.99</p><a href="https://www.amazon.com/dp/B0C2Q2VGPZ?tag=eloabder-20&linkCode=osi&th=1&psc=1">View Product</a></div>




<div class="product"><a href="https://www.amazon.com/dp/B06WVL7YSG?tag=eloabder-20&linkCode=osi&th=1&psc=1"><img src="https://m.media-amazon.com/images/I/51fO0NuM6nL._SL500_.jpg" alt="Product Image"></a><p>Meguiar's Quik Scratch Eraser Kit, Car Scratch Remover for Repairing Surface Blemishes, Car Care Kit with ScratchX, Drill-Mounted Pad, and Microfiber Towel, 3 Count</p><p>$17.97</p><a href="https://www.amazon.com/dp/B06WVL7YSG?tag=eloabder-20&linkCode=osi&th=1&psc=1">View Product</a></div><div class="product"><a href="https://www.amazon.com/dp/B00P67GSRG?tag=eloabder-20&linkCode=osi&th=1&psc=1"><img src="https://m.media-amazon.com/images/I/41R-vt8tcnL._SL500_.jpg" alt="Product Image"></a><p>Chemical Guys GAP_VKIT_16 V Line Polish and Compound Kit For Light to Heavy Swirls & Scratches (Safe for Cars, Trucks, SUVs, RVs, Motorcycles, & More) 4 - 16 fl oz Items</p><p>$69.99</p><a href="https://www.amazon.com/dp/B00P67GSRG?tag=eloabder-20&linkCode=osi&th=1&psc=1">View Product</a></div>
<div class="product"><a href="https://www.amazon.com/dp/B0BQ1CPLSQ?tag=eloabder-20&linkCode=osi&th=1&psc=1"><img src="https://m.media-amazon.com/images/I/41ikSNNgp5L._SL500_.jpg" alt="Product Image"></a><p>PROPER DETAILING CO. Car Detailing Kit Interior Cleaner, Get Professional Results - Car Interior Cleaning Kit includes 16 oz. interior cleaner, premium boars hair detail brush, and 2 microfiber towels</p><p>$23.99</p><a href="https://www.amazon.com/dp/B0BQ1CPLSQ?tag=eloabder-20&linkCode=osi&th=1&psc=1">View Product</a></div>





<div class="product"><a href="https://www.amazon.com/dp/B0D464228M?tag=eloabder-20&linkCode=osi&th=1&psc=1"><img src="https://m.media-amazon.com/images/I/315VtBe9l-L._SL500_.jpg" alt="Product Image"></a><p>Drift Car Air Freshener - Wood Air Freshener - Car Odor Eliminator - Open Air Scent Starter Kit</p><p>$11.95</p><a href="https://www.amazon.com/dp/B0D464228M?tag=eloabder-20&linkCode=osi&th=1&psc=1">View Product</a></div>
<div class="product"><a href="https://www.amazon.com/dp/B071HR14SJ?tag=eloabder-20&linkCode=osi&th=1&psc=1"><img src="https://m.media-amazon.com/images/I/41crypCefDL._SL500_.jpg" alt="Product Image"></a><p>Meguiar's Gold Class Car Wash Soap, Ultra-Rich Car Wash Soap and Conditioner for Car Cleaning, Car Wash Soap to Clean and Condition in One Easy Step, 1 Gallon Car Wash Soap</p><p>$24.99 ($0.20 / Ounce)</p><a href="https://www.amazon.com/dp/B071HR14SJ?tag=eloabder-20&linkCode=osi&th=1&psc=1">View Product</a></div><div class="product"><a href="https://www.amazon.com/dp/B085R9L9Q9?tag=eloabder-20&linkCode=osi&th=1&psc=1"><img src="https://m.media-amazon.com/images/I/41tAv1FNbZL._SL500_.jpg" alt="Product Image"></a><p>Armor All Extreme Shield Protectant Spray , Interior Car Cleaner with UV Protection Against Cracking and Fading, 16 Fl Oz</p><p>$8.98 ($0.56 / Fl Oz)</p><a href="https://www.amazon.com/dp/B085R9L9Q9?tag=eloabder-20&linkCode=osi&th=1&psc=1">View Product</a></div><div class="product"><a href="https://www.amazon.com/dp/B016NA9Y4S?tag=eloabder-20&linkCode=osi&th=1&psc=1"><img src="https://m.media-amazon.com/images/I/31oz8VJFdjL._SL500_.jpg" alt="Product Image"></a><p>Rain-X 5079281-2 Latitude 2-In-1 Wiper Blades, 26 Inch Windshield Wipers (Pack Of 1), Automotive Replacement Windshield Wiper Blades With Patented Rain-X Water Repellency Formula</p><p>$17.08</p><a href="https://www.amazon.com/dp/B016NA9Y4S?tag=eloabder-20&linkCode=osi&th=1&psc=1">View Product</a></div><div class="product"><a href="https://www.amazon.com/dp/B0D2PCCJVK?tag=eloabder-20&linkCode=osi&th=1&psc=1"><img src="https://m.media-amazon.com/images/I/41BFT-c3a9L._SL500_.jpg" alt="Product Image"></a><p>HoogaLife Car Air Freshener Diffuser – Revitalize Your Drive with Hanging Air Freshener Diffuser Aromatic Bliss On The Go(VANILLA CREAM)</p><p>$12.99 ($24.06 / Fl Oz)</p><a href="https://www.amazon.com/dp/B0D2PCCJVK?tag=eloabder-20&linkCode=osi&th=1&psc=1">View Product</a></div><div class="product"><a href="https://www.amazon.com/dp/B0D17SKCLF?tag=eloabder-20&linkCode=osi&th=1&psc=1"><img src="https://m.media-amazon.com/images/I/51VjaK8JNmL._SL500_.jpg" alt="Product Image"></a><p>AIDEA Car Wash Mitt Microfiber, 1PK-Scratch-Free& Lint-Free, Premium Chenille Microfiber Wash Mitt-Green Regular Size (7.12''X10.14'')</p><p>$5.99</p><a href="https://www.amazon.com/dp/B0D17SKCLF?tag=eloabder-20&linkCode=osi&th=1&psc=1">View Product</a></div>








<div class="product"><a href="https://www.amazon.com/dp/B00UZE8D00?tag=eloabder-20&linkCode=osi&th=1&psc=1"><img src="https://m.media-amazon.com/images/I/517VVkgvgcL._SL500_.jpg" alt="Product Image"></a><p>Chemical Guys HOL_996 Convertible Top Cleaner and Protectant Kit, 16 oz, 2 Items</p><p>$29.99</p><a href="https://www.amazon.com/dp/B00UZE8D00?tag=eloabder-20&linkCode=osi&th=1&psc=1">View Product</a></div><div class="product"><a href="https://www.amazon.com/dp/B004HCS4NW?tag=eloabder-20&linkCode=osi&th=1&psc=1"><img src="https://m.media-amazon.com/images/I/41j5b6xRqNL._SL500_.jpg" alt="Product Image"></a><p>Meguiar's Convertible Top Cleaner - Fabric Convertible Top Cleaner and Vinyl Convertible Top Cleaner in One Advanced Formula - Safely Removes Stains, Mildew, Bird Droppings, and More, 16 Oz</p><p>$6.87 ($0.43 / Ounce)</p><a href="https://www.amazon.com/dp/B004HCS4NW?tag=eloabder-20&linkCode=osi&th=1&psc=1">View Product</a></div><div class="product"><a href="https://www.amazon.com/dp/B00UZE80N0?tag=eloabder-20&linkCode=osi&th=1&psc=1"><img src="https://m.media-amazon.com/images/I/31FG83SK9SL._SL500_.jpg" alt="Product Image"></a><p>Chemical Guys SPI_193_16 Convertible Top Protectant and Repellent, (Helps Prevent Fading & Discoloration on Fabric Sot Tops) 16 fl oz (Packaging May Vary)</p><p>$19.99 ($1.25 / Fl Oz)</p><a href="https://www.amazon.com/dp/B00UZE80N0?tag=eloabder-20&linkCode=osi&th=1&psc=1">View Product</a></div><div class="product"><a href="https://www.amazon.com/dp/B00UZE8C1A?tag=eloabder-20&linkCode=osi&th=1&psc=1"><img src="https://m.media-amazon.com/images/I/31aLnXKZxfL._SL500_.jpg" alt="Product Image"></a><p>Chemical Guys ACC_S94 Convertible Top Horse Hair Cleaning Brush, Safe for Cloth Soft Tops, Upholstery, Leather, Furniture, & More</p><p>$14.99</p><a href="https://www.amazon.com/dp/B00UZE8C1A?tag=eloabder-20&linkCode=osi&th=1&psc=1">View Product</a></div><div class="product"><a href="https://www.amazon.com/dp/B000A8JNF0?tag=eloabder-20&linkCode=osi&th=1&psc=1"><img src="https://m.media-amazon.com/images/I/51PLChiVIrL._SL500_.jpg" alt="Product Image"></a><p>303 Products Convertible Fabric Top Cleaning and Care Kit - Cleans And Protects Fabric Tops - Includes Tonneau Cover And Convertible Top Cleaner 16 fl. oz. + Fabric Guard, (30520)</p><p>$32.79 ($1.02 / Fl Oz)</p><a href="https://www.amazon.com/dp/B000A8JNF0?tag=eloabder-20&linkCode=osi&th=1&psc=1">View Product</a></div>
<div class="product"><a href="https://www.amazon.com/dp/B0BCQ1XMWV?tag=eloabder-20&linkCode=osi&th=1&psc=1"><img src="https://m.media-amazon.com/images/I/41lV6Au-S9L._SL500_.jpg" alt="Product Image"></a><p>EMITHSUN® Windshield Wiper Blades Replacement for Honda Civic Coupe 2 Door 2005-2011,That Meet OEM Quality Front Wipers Blade Set for My Car-28"+24"(Set of 2)</p><p>$19.99</p><a href="https://www.amazon.com/dp/B0BCQ1XMWV?tag=eloabder-20&linkCode=osi&th=1&psc=1">View Product</a></div>
<div class="product"><a href="https://www.amazon.com/dp/B00I8ITVZG?tag=eloabder-20&linkCode=osi&th=1&psc=1"><img src="https://m.media-amazon.com/images/I/41TXd564pcL._SL500_.jpg" alt="Product Image"></a><p>ECOGARD XC36067 Premium Cabin Air Filter Fits Hyundai Genesis 2009-2016, Equus 2011-2016 | Genesis G80 2017-2021, G90 2019-2021, GV80 2021 | Kia K900 2020</p><p>$10.98</p><a href="https://www.amazon.com/dp/B00I8ITVZG?tag=eloabder-20&linkCode=osi&th=1&psc=1">View Product</a></div>

<div class="product"><a href="https://www.amazon.com/dp/B097C3NCP1?tag=eloabder-20&linkCode=osi&th=1&psc=1"><img src="https://m.media-amazon.com/images/I/41GXST2+s6L._SL500_.jpg" alt="Product Image"></a><p>Raidbee 12 inch Rear Wiper Blade Replacement for Toyota Corolla Hatchback 2022-2019, Nissan Versa 2019-2014 Back Windshield Wiper (H306/12-B)</p><p>$6.99</p><a href="https://www.amazon.com/dp/B097C3NCP1?tag=eloabder-20&linkCode=osi&th=1&psc=1">View Product</a></div>



<div class="product"><a href="https://www.amazon.com/dp/B0CQ4MLKHJ?tag=eloabder-20&linkCode=osi&th=1&psc=1"><img src="https://m.media-amazon.com/images/I/519f8covwQL._SL500_.jpg" alt="Product Image"></a><p>Feetiger All-in-1 Fire Extinguisher for Home, Kitchen, Car, Garage, RV, Truck, Boat, Camping, Fire Spray that Tackles Multiple Types of Fire, 2pack</p><p>$39.99</p><a href="https://www.amazon.com/dp/B0CQ4MLKHJ?tag=eloabder-20&linkCode=osi&th=1&psc=1">View Product</a></div>
<div class="product"><a href="https://www.amazon.com/dp/B07TS4JV6H?tag=eloabder-20&linkCode=osi&th=1&psc=1"><img src="https://m.media-amazon.com/images/I/412htpDd6fL._SL500_.jpg" alt="Product Image"></a><p>Police Flag Air Freshener, New Car Scent, 6-Pack</p><p>$9.99 ($1.66 / Count)</p><a href="https://www.amazon.com/dp/B07TS4JV6H?tag=eloabder-20&linkCode=osi&th=1&psc=1">View Product</a></div>


<div class="product"><a href="https://www.amazon.com/dp/B009EU5ZNO?tag=eloabder-20&linkCode=osi&th=1&psc=1"><img src="https://m.media-amazon.com/images/I/515MJLZbnoL._SL500_.jpg" alt="Product Image"></a><p>J-B Weld 50133 Plastic Bonder Structural Adhesive Syringe - Tan - 25 ml</p><p>$6.98 ($8.21 / Fl Oz)</p><a href="https://www.amazon.com/dp/B009EU5ZNO?tag=eloabder-20&linkCode=osi&th=1&psc=1">View Product</a></div>



<div class="product"><a href="https://www.amazon.com/dp/B09P6YZP72?tag=eloabder-20&linkCode=osi&th=1&psc=1"><img src="https://m.media-amazon.com/images/I/416rlvu+ayL._SL500_.jpg" alt="Product Image"></a><p>AUTOBOO 26"+20" Windshield Wipers with 16" Rear Wiper Blade Replacement for Dodge Grand Caravan 2008-2012 2013 2014 2015 2016 2017 2018 2019 -Original Factory Quality (Pack of 3)</p><p>$23.99</p><a href="https://www.amazon.com/dp/B09P6YZP72?tag=eloabder-20&linkCode=osi&th=1&psc=1">View Product</a></div><div class="product"><a href="https://www.amazon.com/dp/B0BLYQBDS8?tag=eloabder-20&linkCode=osi&th=1&psc=1"><img src="https://m.media-amazon.com/images/I/51SbpSR2zBL._SL500_.jpg" alt="Product Image"></a><p>A-Premium Engine Air Filter Compatible with Chrysler Town & Country & Dodge Grand Caravan & Ram C/V & Volkswagen Routan, 2011-2020, Flexible Panel, Replace# 4861737AA</p><p>$12.99</p><a href="https://www.amazon.com/dp/B0BLYQBDS8?tag=eloabder-20&linkCode=osi&th=1&psc=1">View Product</a></div>
<div class="product"><a href="https://www.amazon.com/dp/B001FCB4JS?tag=eloabder-20&linkCode=osi&th=1&psc=1"><img src="https://m.media-amazon.com/images/I/21wq6fxqiVL._SL500_.jpg" alt="Product Image"></a><p>Dicor BT-1834-1 Butyl Seal Tape - 1/8" x 3/4" x 30' Repair Tape for RV, Trailer, Motorhome, Window, and Vent Sealing</p><p>$13.15 ($0.44 / Foot)</p><a href="https://www.amazon.com/dp/B001FCB4JS?tag=eloabder-20&linkCode=osi&th=1&psc=1">View Product</a></div>
<div class="product"><a href="https://www.amazon.com/dp/B000BUQOD6?tag=eloabder-20&linkCode=osi&th=1&psc=1"><img src="https://m.media-amazon.com/images/I/41O0CoP1L3L._SL500_.jpg" alt="Product Image"></a><p>Camco Camper/RV Toilet Paper | Sewer-Safe, Septic-Safe & Biodegradable | Designed for Camper, Trailer & Marine Sanitation Systems | 1-Ply Tissue | 4 Toilet Paper Rolls – 280 Sheets per Roll (40275)</p><p>$5.99 ($2.14 / 100 Sheets)</p><a href="https://www.amazon.com/dp/B000BUQOD6?tag=eloabder-20&linkCode=osi&th=1&psc=1">View Product</a></div><div class="product"><a href="https://www.amazon.com/dp/B007JG1W1E?tag=eloabder-20&linkCode=osi&th=1&psc=1"><img src="https://m.media-amazon.com/images/I/41i-j99E9ML._SL500_.jpg" alt="Product Image"></a><p>Camco TST Camper / RV Grey Water Odor Control - Removes Grease Buildup in Gray Water Tank, Sink & Shower Drains - 4oz Treats 40-Gal Holding Tank - Safe Septic Tank Treatment - Lemon, 64 oz (40256)</p><p>$19.94 ($0.31 / Fl Oz)</p><a href="https://www.amazon.com/dp/B007JG1W1E?tag=eloabder-20&linkCode=osi&th=1&psc=1">View Product</a></div><div class="product"><a href="https://www.amazon.com/dp/B016V2OSD0?tag=eloabder-20&linkCode=osi&th=1&psc=1"><img src="https://m.media-amazon.com/images/I/31Jm99RYVXL._SL500_.jpg" alt="Product Image"></a><p>Camco TST MAX RV Toilet Treatment Drop-INs | Control Unwanted Odors and Break Down Waste and Tissue | Septic Tank Safe | Lavender Scent | 15-pack (41559)</p><p>$11.97 ($0.80 / Count)</p><a href="https://www.amazon.com/dp/B016V2OSD0?tag=eloabder-20&linkCode=osi&th=1&psc=1">View Product</a></div>






<div class="product"><a href="https://www.amazon.com/dp/B006GJYOL0?tag=eloabder-20&linkCode=osi&th=1&psc=1"><img src="https://m.media-amazon.com/images/I/41YPjiCzDfL._SL500_.jpg" alt="Product Image"></a><p>Boat Bling HS-0128 Hot Sauce Hard Water Spot Remover, Gallon Refill, for Boats, RVs, Powersport Vehicles and More, Black,1 Gallon</p><p>$54.95 ($0.43 / Fl Oz)</p><a href="https://www.amazon.com/dp/B006GJYOL0?tag=eloabder-20&linkCode=osi&th=1&psc=1">View Product</a></div><div class="product"><a href="https://www.amazon.com/dp/B0000AXVCB?tag=eloabder-20&linkCode=osi&th=1&psc=1"><img src="https://m.media-amazon.com/images/I/51gtsDb7zDL._SL500_.jpg" alt="Product Image"></a><p>Meguiar's M4364 Marine/RV Boat Wash - 64 Oz Container</p><p>$13.99 ($0.22 / Fl Oz)</p><a href="https://www.amazon.com/dp/B0000AXVCB?tag=eloabder-20&linkCode=osi&th=1&psc=1">View Product</a></div><div class="product"><a href="https://www.amazon.com/dp/B0007TR47G?tag=eloabder-20&linkCode=osi&th=1&psc=1"><img src="https://m.media-amazon.com/images/I/41Q4SzlVojL._SL500_.jpg" alt="Product Image"></a><p>Meguiar's Flagship Premium Marine Wax, Boat Polish and Oxidation Remover - 32 Oz Bottle</p><p>$21.49</p><a href="https://www.amazon.com/dp/B0007TR47G?tag=eloabder-20&linkCode=osi&th=1&psc=1">View Product</a></div><div class="product"><a href="https://www.amazon.com/dp/B006GJYLFY?tag=eloabder-20&linkCode=osi&th=1&psc=1"><img src="https://m.media-amazon.com/images/I/31G78TSjssL._SL500_.jpg" alt="Product Image"></a><p>Boat Bling Condition Sauce Premium Interior Moisturizer w/UV Protection, 32 oz.</p><p>$27.95</p><a href="https://www.amazon.com/dp/B006GJYLFY?tag=eloabder-20&linkCode=osi&th=1&psc=1">View Product</a></div><div class="product"><a href="https://www.amazon.com/dp/B006GJYKWI?tag=eloabder-20&linkCode=osi&th=1&psc=1"><img src="https://m.media-amazon.com/images/I/41AcDanNz-L._SL500_.jpg" alt="Product Image"></a><p>Boat Bling VS-0032 Vinyl Sauce Premium Vinyl and Leather Cleaner, 32 Oz., for Boats, RVs, Powersport Vehicles and More</p><p>$22.95 ($0.72 / Fl Oz)</p><a href="https://www.amazon.com/dp/B006GJYKWI?tag=eloabder-20&linkCode=osi&th=1&psc=1">View Product</a></div>
<div class="product"><a href="https://www.amazon.com/dp/B004OJTEKK?tag=eloabder-20&linkCode=osi&th=1&psc=1"><img src="https://m.media-amazon.com/images/I/41q8kkNiKOL._SL500_.jpg" alt="Product Image"></a><p>Shurhold Yacht Brite YBP-0302 Brite Wash - 1 Gallon</p><p>$23.97 ($0.19 / Fl Oz)</p><a href="https://www.amazon.com/dp/B004OJTEKK?tag=eloabder-20&linkCode=osi&th=1&psc=1">View Product</a></div>




<div class="product"><a href="https://www.amazon.com/dp/B0B2RDZNZB?tag=eloabder-20&linkCode=osi&th=1&psc=1"><img src="https://m.media-amazon.com/images/I/51RVSUoRuGL._SL500_.jpg" alt="Product Image"></a><p>Fancemot Helicopter Car Air Fresheners Rotating Solar Car Fresheners Airplane Car Perfume (Osmanthus & Vanilla)</p><p>$14.08</p><a href="https://www.amazon.com/dp/B0B2RDZNZB?tag=eloabder-20&linkCode=osi&th=1&psc=1">View Product</a></div><div class="product"><a href="https://www.amazon.com/dp/B0994PG1ZD?tag=eloabder-20&linkCode=osi&th=1&psc=1"><img src="https://m.media-amazon.com/images/I/413er0A8cVS._SL500_.jpg" alt="Product Image"></a><p>NICEADA Car Air Freshener, Helicopter Solar Energy Rotating Aromatherapy Aviation Al Alloy Diffuser, Interior Decoration Accessories Diffuser for Car and Home (Silver)</p><p>$23.99</p><a href="https://www.amazon.com/dp/B0994PG1ZD?tag=eloabder-20&linkCode=osi&th=1&psc=1">View Product</a></div><div class="product"><a href="https://www.amazon.com/dp/B09ZTMZKSJ?tag=eloabder-20&linkCode=osi&th=1&psc=1"><img src="https://m.media-amazon.com/images/I/41rz5PydC9L._SL500_.jpg" alt="Product Image"></a><p>Air Freshener, Gigicloud Car Fragrance Diffuser Solar Rotating Automotive Air Fresheners Ornament Helicopter Shape Solid Aromatherapy Decoration for Car and Home (Black)</p><p>$15.49</p><a href="https://www.amazon.com/dp/B09ZTMZKSJ?tag=eloabder-20&linkCode=osi&th=1&psc=1">View Product</a></div><div class="product"><a href="https://www.amazon.com/dp/B0CWNNPCD3?tag=eloabder-20&linkCode=osi&th=1&psc=1"><img src="https://m.media-amazon.com/images/I/51nznnJJhfL._SL500_.jpg" alt="Product Image"></a><p>Car Air Freshener Diffuser, KaiDengZhe 1PCS Helicopter Solar Energy Rotating Aromatherapy Aviation Al Alloy Diffuser, Car Diffuser for Essential Oils, Relieve Stress and Purifie Odors for Car and Home</p><p>$15.99</p><a href="https://www.amazon.com/dp/B0CWNNPCD3?tag=eloabder-20&linkCode=osi&th=1&psc=1">View Product</a></div><div class="product"><a href="https://www.amazon.com/dp/B0B8T47G65?tag=eloabder-20&linkCode=osi&th=1&psc=1"><img src="https://m.media-amazon.com/images/I/41d6cgVheqL._SL500_.jpg" alt="Product Image"></a><p>Joyfunky Car Air Fresheners with Solar Rotating, Creative Car Perfume Decoration, Relieve Stress and Purifie Odors, Use at Car, office and Home, Silver</p><p>$12.99</p><a href="https://www.amazon.com/dp/B0B8T47G65?tag=eloabder-20&linkCode=osi&th=1&psc=1">View Product</a></div><div class="product"><a href="https://www.amazon.com/dp/B0D4ZHJVK8?tag=eloabder-20&linkCode=osi&th=1&psc=1"><img src="https://m.media-amazon.com/images/I/41sEhsjtb4L._SL500_.jpg" alt="Product Image"></a><p>NICEADA Helicopter Solar Car Air Freshener Refill Set, Solar Essential Oil Refill Perfume Oil for Car Air Fresheners(4 Packs)</p><p>$21.99 ($24.99 / Fl Oz)</p><a href="https://www.amazon.com/dp/B0D4ZHJVK8?tag=eloabder-20&linkCode=osi&th=1&psc=1">View Product</a></div><div class="product"><a href="https://www.amazon.com/dp/B0D251XW47?tag=eloabder-20&linkCode=osi&th=1&psc=1"><img src="https://m.media-amazon.com/images/I/41x6lmNq9fL._SL500_.jpg" alt="Product Image"></a><p>Helicopter Car Air Fresheners with Solar Rotating, Creative Car Perfume Decoration, Car Airplane Fragrance Diffuser for Car, Home, Office (Silver)</p><p>$13.09</p><a href="https://www.amazon.com/dp/B0D251XW47?tag=eloabder-20&linkCode=osi&th=1&psc=1">View Product</a></div>

<div class="product"><a href="https://www.amazon.com/dp/B0D4154TQG?tag=eloabder-20&linkCode=osi&th=1&psc=1"><img src="https://m.media-amazon.com/images/I/217Iw-nO3UL._SL500_.jpg" alt="Product Image"></a><p>RV Curtain Glide Tape A115, 1/2 Inch Glides Clear RV Curtain Strip Curtain Slide Tape 72 Inches Long Use with Ceiling or Wall Mount Curtain Track A201 A202 (2 Pack)</p><p>$17.99</p><a href="https://www.amazon.com/dp/B0D4154TQG?tag=eloabder-20&linkCode=osi&th=1&psc=1">View Product</a></div>
<div class="product"><a href="https://www.amazon.com/dp/B08W4PQN8L?tag=eloabder-20&linkCode=osi&th=1&psc=1"><img src="https://m.media-amazon.com/images/I/41udmrd6QTL._SL500_.jpg" alt="Product Image"></a><p>Hot Air Balloon Novelty Air Freshener for Car - Sandalwood Scented Automotive Accessory New Mexico Souvenir Gift (Pack of 4)</p><p>$7.99 ($2.00 / Count)</p><a href="https://www.amazon.com/dp/B08W4PQN8L?tag=eloabder-20&linkCode=osi&th=1&psc=1">View Product</a></div>















<div class="product"><a href="https://www.amazon.com/dp/B0CP87K2VD?tag=eloabder-20&linkCode=osi&th=1&psc=1"><img src="https://m.media-amazon.com/images/I/41dTH4OPkcL._SL500_.jpg" alt="Product Image"></a><p>For harley air cleaner filter Touring street glide road king electra tri trike Dyna Sportster XL 883 1200 Softail air intake (Drift style -Contrast Cut, C-For Touring 08-16, Softail 16-17)</p><p>$125.00</p><a href="https://www.amazon.com/dp/B0CP87K2VD?tag=eloabder-20&linkCode=osi&th=1&psc=1">View Product</a></div><div class="product"><a href="https://www.amazon.com/dp/B08DNLNY3G?tag=eloabder-20&linkCode=osi&th=1&psc=1"><img src="https://m.media-amazon.com/images/I/51baNj3o8CL._SL500_.jpg" alt="Product Image"></a><p>2963308 HD1508 Ultra Classic Air Filter Cleaner for 2008-2014 Harley Davidson Street Glide, Electra Glide, Road King, Road Glide Custom, Ultra Classic and other select models HD-1508</p><p>$21.99</p><a href="https://www.amazon.com/dp/B08DNLNY3G?tag=eloabder-20&linkCode=osi&th=1&psc=1">View Product</a></div><div class="product"><a href="https://www.amazon.com/dp/B0CQ2KKC3N?tag=eloabder-20&linkCode=osi&th=1&psc=1"><img src="https://m.media-amazon.com/images/I/31W2a0gAwIL._SL500_.jpg" alt="Product Image"></a><p>High-Flo Replacement Air Filter Element For Ventilator - Milwaukee-Eight Engine '18-later Softail and '17-later Touring and Trike Models Equipped with 114 Air Cleaner</p><p>$39.99</p><a href="https://www.amazon.com/dp/B0CQ2KKC3N?tag=eloabder-20&linkCode=osi&th=1&psc=1">View Product</a></div><div class="product"><a href="https://www.amazon.com/dp/B0CPJ5BSGM?tag=eloabder-20&linkCode=osi&th=1&psc=1"><img src="https://m.media-amazon.com/images/I/41cUadnGKpL._SL500_.jpg" alt="Product Image"></a><p>For harley air cleaner filter sportster street road glide king for harley davidson motorcycle air intake (Nake style -Black, A-For Sportster XL models)</p><p>$169.00</p><a href="https://www.amazon.com/dp/B0CPJ5BSGM?tag=eloabder-20&linkCode=osi&th=1&psc=1">View Product</a></div><div class="product"><a href="https://www.amazon.com/dp/B0CR17NS1M?tag=eloabder-20&linkCode=osi&th=1&psc=1"><img src="https://m.media-amazon.com/images/I/41n57oM0A-L._SL500_.jpg" alt="Product Image"></a><p>For harley air cleaner filter Sportster Softail Touring street road king glide Dyna for harley davidson air intake filters (Speed 7 style -gray filter, C-For Touring 08-16, Softail 16-17)</p><p>$89.00</p><a href="https://www.amazon.com/dp/B0CR17NS1M?tag=eloabder-20&linkCode=osi&th=1&psc=1">View Product</a></div><div class="product"><a href="https://www.amazon.com/dp/B0CR167HDN?tag=eloabder-20&linkCode=osi&th=1&psc=1"><img src="https://m.media-amazon.com/images/I/41o4byfzbRL._SL500_.jpg" alt="Product Image"></a><p>For harley davidson air cleaner filter sportster Touring street glide road king electra Dyna Softail motorcycle air intake (Chromed- gray filter, C-For Touring 2008-2016)</p><p>$99.00</p><a href="https://www.amazon.com/dp/B0CR167HDN?tag=eloabder-20&linkCode=osi&th=1&psc=1">View Product</a></div>







<div class="product"><a href="https://www.amazon.com/dp/B08WH8CWDM?tag=eloabder-20&linkCode=osi&th=1&psc=1"><img src="https://m.media-amazon.com/images/I/41Jj3ouB+1L._SL500_.jpg" alt="Product Image"></a><p>Glaze 'N Seal Color Enhancer Paver Sealer, 1 Gallon (923)</p><p>$62.99</p><a href="https://www.amazon.com/dp/B08WH8CWDM?tag=eloabder-20&linkCode=osi&th=1&psc=1">View Product</a></div>

<div class="product"><a href="https://www.amazon.com/dp/B0B58G8WRX?tag=eloabder-20&linkCode=osi&th=1&psc=1"><img src="https://m.media-amazon.com/images/I/41hjxJMTGJL._SL500_.jpg" alt="Product Image"></a><p>Solarhome Air Filter 333-D2696 333D2696 Compatible with JCB Backhoe Loader 3CX 4CX Telehandler 531-70</p><p>$34.50</p><a href="https://www.amazon.com/dp/B0B58G8WRX?tag=eloabder-20&linkCode=osi&th=1&psc=1">View Product</a></div>




<div class="product"><a href="https://www.amazon.com/dp/B07G7XG6BV?tag=eloabder-20&linkCode=osi&th=1&psc=1"><img src="https://m.media-amazon.com/images/I/510tZGutn6L._SL500_.jpg" alt="Product Image"></a><p>Holikme 6Pack Cleaning Brush Power Scrubber Cleaning Brush Extended Long Attachment Set All Purpose Scrub Brushes Kit for Grout, Floor, Tub, Shower, Tile, Bathroom,Car Cleaning Brush，Yellow</p><p>$6.95</p><a href="https://www.amazon.com/dp/B07G7XG6BV?tag=eloabder-20&linkCode=osi&th=1&psc=1">View Product</a></div>



<div class="product"><a href="https://www.amazon.com/dp/B000FW2NWQ?tag=eloabder-20&linkCode=osi&th=1&psc=1"><img src="https://m.media-amazon.com/images/I/31VlBDw7uDL._SL500_.jpg" alt="Product Image"></a><p>Performance Tool W233 12-Inch Long Reach Extension Scraper with 3pc Double Edged Plastic Razor Scraper Blades and 3pc Carbon Steel Razor Scraper Blades</p><p>$10.31</p><a href="https://www.amazon.com/dp/B000FW2NWQ?tag=eloabder-20&linkCode=osi&th=1&psc=1">View Product</a></div>
<div class="product"><a href="https://www.amazon.com/dp/B0BV2CQ5SW?tag=eloabder-20&linkCode=osi&th=1&psc=1"><img src="https://m.media-amazon.com/images/I/51VkTDjGg4L._SL500_.jpg" alt="Product Image"></a><p>Filterelated Mixed Bed Deionized Di Resin Filter Fill, Suitable For Spotless Car Wash System Filter Change, Tds Filter, Aquarium Filter, Deionized Car Wash,5 Liters</p><p>$49.99</p><a href="https://www.amazon.com/dp/B0BV2CQ5SW?tag=eloabder-20&linkCode=osi&th=1&psc=1">View Product</a></div><div class="product"><a href="https://www.amazon.com/dp/B01MRVQ9UE?tag=eloabder-20&linkCode=osi&th=1&psc=1"><img src="https://m.media-amazon.com/images/I/51+i6fjU6tL._SL500_.jpg" alt="Product Image"></a><p>Husqvarna XP Pre-Mixed Fuel and Engine Oil Quart (3 Pack),Blue</p><p>$32.99 ($0.34 / Count)</p><a href="https://www.amazon.com/dp/B01MRVQ9UE?tag=eloabder-20&linkCode=osi&th=1&psc=1">View Product</a></div>




<div class="product"><a href="https://www.amazon.com/dp/B01N2G2NEJ?tag=eloabder-20&linkCode=osi&th=1&psc=1"><img src="https://m.media-amazon.com/images/I/41-5g4zEDpL._SL500_.jpg" alt="Product Image"></a><p>Chemical Guys SPI10816 Heavy Duty Water Spot Remover, Safe for Cars, Trucks, Motorcycles, RVs & More, 16 fl oz</p><p>$17.97 ($1.12 / Fl Oz)</p><a href="https://www.amazon.com/dp/B01N2G2NEJ?tag=eloabder-20&linkCode=osi&th=1&psc=1">View Product</a></div>









<div class="product"><a href="https://www.amazon.com/dp/B08YRVH2QV?tag=eloabder-20&linkCode=osi&th=1&psc=1"><img src="https://m.media-amazon.com/images/I/5164O-Jr2QL._SL500_.jpg" alt="Product Image"></a><p>Thetford AquaMAX Summer Cypress Scent RV Holding Tank Treatment, Formaldehyde Free, Waste Digester, Septic Tank Safe, 5 Gallon Bottle (96754)</p><p>$248.18</p><a href="https://www.amazon.com/dp/B08YRVH2QV?tag=eloabder-20&linkCode=osi&th=1&psc=1">View Product</a></div><div class="product"><a href="https://www.amazon.com/dp/B0BPMW7485?tag=eloabder-20&linkCode=osi&th=1&psc=1"><img src="https://m.media-amazon.com/images/I/51WNuQeew7L._SL500_.jpg" alt="Product Image"></a><p>XFasten Butyl Tape Black 1/2” x 30’ x 1/8" Butyl Sealant Tape Headlight Sealant Putty Tape | Black Butyl Caulking Tape | Butyl Tape RV Putty Tape EPDM Automotive Butyl Rubber Window Sealant for RV</p><p>$13.99 ($0.47 / Foot)</p><a href="https://www.amazon.com/dp/B0BPMW7485?tag=eloabder-20&linkCode=osi&th=1&psc=1">View Product</a></div>
<div class="product"><a href="https://www.amazon.com/dp/B006DXWZQU?tag=eloabder-20&linkCode=osi&th=1&psc=1"><img src="https://m.media-amazon.com/images/I/41wtqfFFfQL._SL500_.jpg" alt="Product Image"></a><p>FRAM Ultra Synthetic Automotive Replacement Oil Filter, Designed for Synthetic Oil Changes Lasting up to 20k Miles, XG10575 with SureGrip (Pack of 1)</p><p>$10.79</p><a href="https://www.amazon.com/dp/B006DXWZQU?tag=eloabder-20&linkCode=osi&th=1&psc=1">View Product</a></div><div class="product"><a href="https://www.amazon.com/dp/B01LH7L0XA?tag=eloabder-20&linkCode=osi&th=1&psc=1"><img src="https://m.media-amazon.com/images/I/41yD3QmbyZL._SL500_.jpg" alt="Product Image"></a><p>Shell Rotella T4 Triple Protection Conventional 15W-40 Diesel Engine Oil (1-Gallon, Single Pack)</p><p>$15.98 ($0.12 / Fl Oz)</p><a href="https://www.amazon.com/dp/B01LH7L0XA?tag=eloabder-20&linkCode=osi&th=1&psc=1">View Product</a></div><div class="product"><a href="https://www.amazon.com/dp/B00ICSWGJ0?tag=eloabder-20&linkCode=osi&th=1&psc=1"><img src="https://m.media-amazon.com/images/I/41Ahz5dVc5L._SL500_.jpg" alt="Product Image"></a><p>Castrol Edge 5W-30 Advanced Full Synthetic Motor Oil, 5 Quarts</p><p>$24.72 ($0.15 / Fl Oz)</p><a href="https://www.amazon.com/dp/B00ICSWGJ0?tag=eloabder-20&linkCode=osi&th=1&psc=1">View Product</a></div><div class="product"><a href="https://www.amazon.com/dp/B01N8RPDT8?tag=eloabder-20&linkCode=osi&th=1&psc=1"><img src="https://m.media-amazon.com/images/I/41Qm+9e8sCL._SL500_.jpg" alt="Product Image"></a><p>Motorcraft - Oil - Engine (XO10W305Q3SD)</p><p>$32.27</p><a href="https://www.amazon.com/dp/B01N8RPDT8?tag=eloabder-20&linkCode=osi&th=1&psc=1">View Product</a></div>
<div class="product"><a href="https://www.amazon.com/dp/B07FTRZLM5?tag=eloabder-20&linkCode=osi&th=1&psc=1"><img src="https://m.media-amazon.com/images/I/416uoNYOsXL._SL500_.jpg" alt="Product Image"></a><p>Chemical Guys HOL126 14-Piece Arsenal Builder Car Wash Kit with Foam Gun, Bucket, and (5) 16 oz Car Care Cleaning Chemicals, Gift for Car & Truck Lovers, Dads and DIYers (Works w/Garden Hose)</p><p>$119.99</p><a href="https://www.amazon.com/dp/B07FTRZLM5?tag=eloabder-20&linkCode=osi&th=1&psc=1">View Product</a></div><div class="product"><a href="https://www.amazon.com/dp/B0741RL23Q?tag=eloabder-20&linkCode=osi&th=1&psc=1"><img src="https://m.media-amazon.com/images/I/410wwKZBYVL._SL500_.jpg" alt="Product Image"></a><p>Chemical Guys SPI220 Total Interior Cleaner and Protectant, Safe for Cars, Trucks, SUVs, Jeeps, Motorcycles, RVs & More, 128 fl oz (1 Gallon)</p><p>$54.99 ($0.43 / Fl Oz)</p><a href="https://www.amazon.com/dp/B0741RL23Q?tag=eloabder-20&linkCode=osi&th=1&psc=1">View Product</a></div><div class="product"><a href="https://www.amazon.com/dp/B002J7VX4Y?tag=eloabder-20&linkCode=osi&th=1&psc=1"><img src="https://m.media-amazon.com/images/I/41oijnffQ0L._SL500_.jpg" alt="Product Image"></a><p>Chemical Guys AIR_101_16 New Car Smell Premium Air Freshener and Odor Eliminator, Long-Lasting Scent, Great for Cars, Trucks, SUVs, RVs & More, 16 fl oz</p><p>$10.99 ($0.69 / Fl Oz)</p><a href="https://www.amazon.com/dp/B002J7VX4Y?tag=eloabder-20&linkCode=osi&th=1&psc=1">View Product</a></div><div class="product"><a href="https://www.amazon.com/dp/B077TPG55M?tag=eloabder-20&linkCode=osi&th=1&psc=1"><img src="https://m.media-amazon.com/images/I/51aYksYRthL._SL500_.jpg" alt="Product Image"></a><p>Chemical Guys CWS20264 Tough Mudder Foaming Truck, Off Road, ATV and RV Heavy Duty Wash Soap,(Works with Foam Cannons, Foam Guns or Bucket Washes), 64 fl oz (Half Gallon), Lemon Scent</p><p>$39.99 ($0.62 / Fl Oz)</p><a href="https://www.amazon.com/dp/B077TPG55M?tag=eloabder-20&linkCode=osi&th=1&psc=1">View Product</a></div><div class="product"><a href="https://www.amazon.com/dp/B00BJCAPEE?tag=eloabder-20&linkCode=osi&th=1&psc=1"><img src="https://m.media-amazon.com/images/I/416RIPKVW1L._SL500_.jpg" alt="Product Image"></a><p>Chemical Guys CWS_402 Mr. Pink Foaming Car Wash Soap (Works with Foam Cannons, Foam Guns or Bucket Washes) Safe for Cars, Trucks, Motorcycles, RVs & More, 128 fl oz, Candy Scent</p><p>$39.99 ($0.31 / Fl Oz)</p><a href="https://www.amazon.com/dp/B00BJCAPEE?tag=eloabder-20&linkCode=osi&th=1&psc=1">View Product</a></div><div class="product"><a href="https://www.amazon.com/dp/B01C6AISUK?tag=eloabder-20&linkCode=osi&th=1&psc=1"><img src="https://m.media-amazon.com/images/I/41FrDCDPB6S._SL500_.jpg" alt="Product Image"></a><p>Chemical Guys CLD_700_16 Mat Renew Rubber + Vinyl Floor Mat Cleaner And Protectant, Safe for Cars, Trucks, SUVs, Motorcycles, RVs & More, 16 fl oz</p><p>$10.99 ($0.69 / Fl Oz)</p><a href="https://www.amazon.com/dp/B01C6AISUK?tag=eloabder-20&linkCode=osi&th=1&psc=1">View Product</a></div><div class="product"><a href="https://www.amazon.com/dp/B01N76S0A7?tag=eloabder-20&linkCode=osi&th=1&psc=1"><img src="https://m.media-amazon.com/images/I/51jurhYPCgL._SL500_.jpg" alt="Product Image"></a><p>Chemical Guys HOL131 Premium Chenille Microfiber Car Wash Mop and Heavy Duty Extendable Pole Kit (Great for RVs, Trucks, SUVs, Jeeps & Large Vehicles), With Mr. Pink Foaming Car Wash Soap - 4 fl oz</p><p>$49.99</p><a href="https://www.amazon.com/dp/B01N76S0A7?tag=eloabder-20&linkCode=osi&th=1&psc=1">View Product</a></div><div class="product"><a href="https://www.amazon.com/dp/B009OTW646?tag=eloabder-20&linkCode=osi&th=1&psc=1"><img src="https://m.media-amazon.com/images/I/41lG36UqLBL._SL500_.jpg" alt="Product Image"></a><p>Chemical Guys CWS 110 Honeydew Snow Foam Car Wash Soap (Works with Foam Cannons, Guns or Bucket Washes) Safe for Trucks, Motorcycles, RVs & More, 128 fl oz (1 Gallon), Honeydew Scent</p><p>$39.99 ($0.31 / Fl Oz)</p><a href="https://www.amazon.com/dp/B009OTW646?tag=eloabder-20&linkCode=osi&th=1&psc=1">View Product</a></div><div class="product"><a href="https://www.amazon.com/dp/B08P54Z2C2?tag=eloabder-20&linkCode=osi&th=1&psc=1"><img src="https://m.media-amazon.com/images/I/41Ra65iS2OL._SL500_.jpg" alt="Product Image"></a><p>Chemical Guys WAC23316 HydroSpeed Ceramic Quick Detailer, Safe for Cars, Trucks, SUVs, Motorcycles, RVs & More, 16 fl oz</p><p>$24.99</p><a href="https://www.amazon.com/dp/B08P54Z2C2?tag=eloabder-20&linkCode=osi&th=1&psc=1">View Product</a></div>
<div class="product"><a href="https://www.amazon.com/dp/B0C7WLPQC7?tag=eloabder-20&linkCode=osi&th=1&psc=1"><img src="https://m.media-amazon.com/images/I/41hJeSxsSWL._SL500_.jpg" alt="Product Image"></a><p>Detail King Car Odor Removal - Chlorine Dioxide Cup - Extreme Odor Eliminator For Car - Safe And Easy To Use (3 Oz (Pack of 1) - Plastic)</p><p>$24.95 ($8.32 / Ounce)</p><a href="https://www.amazon.com/dp/B0C7WLPQC7?tag=eloabder-20&linkCode=osi&th=1&psc=1">View Product</a></div>

<div class="product"><a href="https://www.amazon.com/dp/B0052XFWCG?tag=eloabder-20&linkCode=osi&th=1&psc=1"><img src="https://m.media-amazon.com/images/I/41qajeJVXLL._SL500_.jpg" alt="Product Image"></a><p>Hot Shot's Secret HSS64Z Original Stiction Eliminator 64 Fluid Ounce Bottle, Green</p><p>$53.45 ($0.84 / Fl Oz)</p><a href="https://www.amazon.com/dp/B0052XFWCG?tag=eloabder-20&linkCode=osi&th=1&psc=1">View Product</a></div><div class="product"><a href="https://www.amazon.com/dp/B009M64CAW?tag=eloabder-20&linkCode=osi&th=1&psc=1"><img src="https://m.media-amazon.com/images/I/417D8X0nkBL._SL500_.jpg" alt="Product Image"></a><p>Lucas Oil 10679 Hot Rod & Classic Car SAE 10W-30 Motor Oil - 5 Quart</p><p>$38.50 ($0.24 / Fl Oz)</p><a href="https://www.amazon.com/dp/B009M64CAW?tag=eloabder-20&linkCode=osi&th=1&psc=1">View Product</a></div><div class="product"><a href="https://www.amazon.com/dp/B01L9ARY9O?tag=eloabder-20&linkCode=osi&th=1&psc=1"><img src="https://m.media-amazon.com/images/I/51yaZAYH75L._SL500_.jpg" alt="Product Image"></a><p>FPPF Chemical Co 00161 16 OZ HOT 4-in-1 Heating Oil Treatment (2 Bottles)</p><p>$26.42</p><a href="https://www.amazon.com/dp/B01L9ARY9O?tag=eloabder-20&linkCode=osi&th=1&psc=1">View Product</a></div><div class="product"><a href="https://www.amazon.com/dp/B009M64CUM?tag=eloabder-20&linkCode=osi&th=1&psc=1"><img src="https://m.media-amazon.com/images/I/41yiWaF8YQL._SL500_.jpg" alt="Product Image"></a><p>Lucas Oil 10683 Hot Rod & Classic Car SAE 10W-40 Motor Oil - 5 Quart</p><p>$43.24 ($0.27 / Fl Oz)</p><a href="https://www.amazon.com/dp/B009M64CUM?tag=eloabder-20&linkCode=osi&th=1&psc=1">View Product</a></div><div class="product"><a href="https://www.amazon.com/dp/B0973HNRH9?tag=eloabder-20&linkCode=osi&th=1&psc=1"><img src="https://m.media-amazon.com/images/I/41kyGGJa--L._SL500_.jpg" alt="Product Image"></a><p>Hot Shot's Secret FR3 Friction Reducer 64 Fluid Ounce 2 Quarts, Light Yellow Liquid, (HSSFR364Z)</p><p>$59.73 ($0.93 / Fl Oz)</p><a href="https://www.amazon.com/dp/B0973HNRH9?tag=eloabder-20&linkCode=osi&th=1&psc=1">View Product</a></div><div class="product"><a href="https://www.amazon.com/dp/B082YFQQ25?tag=eloabder-20&linkCode=osi&th=1&psc=1"><img src="https://m.media-amazon.com/images/I/511PTX7LlZL._SL500_.jpg" alt="Product Image"></a><p>Hot Shot's Secret Green Diamond 100 Percent Synthetic 15W40 Oil Diesel 1 Gallon</p><p>$39.99 ($0.31 / Fl Oz)</p><a href="https://www.amazon.com/dp/B082YFQQ25?tag=eloabder-20&linkCode=osi&th=1&psc=1">View Product</a></div>















<div class="product"><a href="https://www.amazon.com/dp/B08PTMXCJL?tag=eloabder-20&linkCode=osi&th=1&psc=1"><img src="https://m.media-amazon.com/images/I/410eJv-7UHL._SL500_.jpg" alt="Product Image"></a><p>Moly Grease | 3% Molybdenum Disulfide | Fifth Wheel | 5th | Automotive | Tractor | Axle | Spline | CV Joint | Lithium EP Grease | High Temp | 35 LB Pail Bucket | Black Moly | NLGI 2 | HeavyDuty Moly</p><p>$174.99 ($0.31 / Ounce)</p><a href="https://www.amazon.com/dp/B08PTMXCJL?tag=eloabder-20&linkCode=osi&th=1&psc=1">View Product</a></div><div class="product"><a href="https://www.amazon.com/dp/B08PTHJTK5?tag=eloabder-20&linkCode=osi&th=1&psc=1"><img src="https://m.media-amazon.com/images/I/41VdMjJ38aL._SL500_.jpg" alt="Product Image"></a><p>Wheel Bearing Grease Pail | Lithium Complex | High Temp EP | CV Joint | Axle | Automotive | Tractor | Truck | Ball Joint | Marine Boat | Gear | Heavy Duty | Blue | 35 LB Bucket | NLGI 2 | MultiPurpose</p><p>$167.99 ($0.30 / Ounce)</p><a href="https://www.amazon.com/dp/B08PTHJTK5?tag=eloabder-20&linkCode=osi&th=1&psc=1">View Product</a></div><div class="product"><a href="https://www.amazon.com/dp/B0013J1UA6?tag=eloabder-20&linkCode=osi&th=1&psc=1"><img src="https://m.media-amazon.com/images/I/41G0Fkf7KnL._SL500_.jpg" alt="Product Image"></a><p>CRC Food Grade Chain Lube 03055 – 12 Wt. Oz. Aerosol, NSF H1 Gear, Chain, and Wire Lubricant</p><p>$19.25 ($1.60 / Ounce)</p><a href="https://www.amazon.com/dp/B0013J1UA6?tag=eloabder-20&linkCode=osi&th=1&psc=1">View Product</a></div>





<div class="product"><a href="https://www.amazon.com/dp/B08GQ9G2V5?tag=eloabder-20&linkCode=osi&th=1&psc=1"><img src="https://m.media-amazon.com/images/I/511+rapOlWL._SL500_.jpg" alt="Product Image"></a><p>Armor All Car Air Freshener and Purifier, Car Odor Eliminator, 1.5 Ounce (Pack of 3)</p><p>$21.21 ($4.71 / Ounce)</p><a href="https://www.amazon.com/dp/B08GQ9G2V5?tag=eloabder-20&linkCode=osi&th=1&psc=1">View Product</a></div>







<div class="product"><a href="https://www.amazon.com/dp/B001229JCU?tag=eloabder-20&linkCode=osi&th=1&psc=1"><img src="https://m.media-amazon.com/images/I/31W6FuKPMcL._SL500_.jpg" alt="Product Image"></a><p>First Alert EZ Fire Spray, Extinguishing Aerosol Spray, AF400 Red 18 Ounce (Pack of 1)</p><p>$12.49</p><a href="https://www.amazon.com/dp/B001229JCU?tag=eloabder-20&linkCode=osi&th=1&psc=1">View Product</a></div><div class="product"><a href="https://www.amazon.com/dp/B002U0KGDY?tag=eloabder-20&linkCode=osi&th=1&psc=1"><img src="https://m.media-amazon.com/images/I/51p6R+mcRhL._SL500_.jpg" alt="Product Image"></a><p>First Alert EZ Fire Spray, Extinguishing Aerosol Spray, Pack of 2, AF400-2, RED</p><p>$27.02</p><a href="https://www.amazon.com/dp/B002U0KGDY?tag=eloabder-20&linkCode=osi&th=1&psc=1">View Product</a></div>
<div class="product"><a href="https://www.amazon.com/dp/B0088LVBUQ?tag=eloabder-20&linkCode=osi&th=1&psc=1"><img src="https://m.media-amazon.com/images/I/31h7l-l6u2L._SL500_.jpg" alt="Product Image"></a><p>Seymour EN-59 Hi-Tech Engine Spray Paint, General Motors Red</p><p>$9.08 ($0.76 / Ounce)</p><a href="https://www.amazon.com/dp/B0088LVBUQ?tag=eloabder-20&linkCode=osi&th=1&psc=1">View Product</a></div>




<div class="product"><a href="https://www.amazon.com/dp/B000HBNU9K?tag=eloabder-20&linkCode=osi&th=1&psc=1"><img src="https://m.media-amazon.com/images/I/41URzfKaVsL._SL500_.jpg" alt="Product Image"></a><p>Permatex 27828 Body Shop Heavy Duty Headliner Adhesive, High-Strength Spray Adhesive, Repair Detached Or Loose Interior Parts, Dries Clear, Aerosol Can, 16.75 Oz</p><p>$17.05 ($1.02 / Ounce)</p><a href="https://www.amazon.com/dp/B000HBNU9K?tag=eloabder-20&linkCode=osi&th=1&psc=1">View Product</a></div><div class="product"><a href="https://www.amazon.com/dp/B001VXXEXU?tag=eloabder-20&linkCode=osi&th=1&psc=1"><img src="https://m.media-amazon.com/images/I/5112onMwzaL._SL500_.jpg" alt="Product Image"></a><p>Vibra-TITE 213 Red VC-3 Original Threadmate, 250ml Can</p><p>$99.19</p><a href="https://www.amazon.com/dp/B001VXXEXU?tag=eloabder-20&linkCode=osi&th=1&psc=1">View Product</a></div><div class="product"><a href="https://www.amazon.com/dp/B0CWPSLTR1?tag=eloabder-20&linkCode=osi&th=1&psc=1"><img src="https://m.media-amazon.com/images/I/31ytleZjjaL._SL500_.jpg" alt="Product Image"></a><p>P & S PROFESSIONAL DETAIL PRODUCTS - Terminator Enzyme Spot and Stain Remover - Perfect for Deodorizing, Removing Embedded Soils, Grease, Dirt, and Protein-Based Stains; Fresh Scent (1 Quart)</p><p>$25.95 ($0.81 / Fl Oz)</p><a href="https://www.amazon.com/dp/B0CWPSLTR1?tag=eloabder-20&linkCode=osi&th=1&psc=1">View Product</a></div><div class="product"><a href="https://www.amazon.com/dp/B07GFNQL9H?tag=eloabder-20&linkCode=osi&th=1&psc=1"><img src="https://m.media-amazon.com/images/I/41AA3Nbt8OL._SL500_.jpg" alt="Product Image"></a><p>Gunk FEB1 Foamy Engine Brite Engine Cleaner - 17oz. 2 Pack</p><p>$17.95 ($0.53 / Ounce)</p><a href="https://www.amazon.com/dp/B07GFNQL9H?tag=eloabder-20&linkCode=osi&th=1&psc=1">View Product</a></div>



<div class="product"><a href="https://www.amazon.com/dp/B003SKCARK?tag=eloabder-20&linkCode=osi&th=1&psc=1"><img src="https://m.media-amazon.com/images/I/41rvU5irgRL._SL500_.jpg" alt="Product Image"></a><p>Obenauf's Heavy Duty LP Leather Preservative (4oz)- All Natural Beeswax Oil Conditioner- Rejuvenate Restore & Preserve Sunfaded or Cracked Boots Jackets Saddles Car Auto Upholstery Furniture- USA Made</p><p>$15.99</p><a href="https://www.amazon.com/dp/B003SKCARK?tag=eloabder-20&linkCode=osi&th=1&psc=1">View Product</a></div>
Aucun résultat trouvé.

<div class="product"><a href="https://www.amazon.com/dp/B0CLWDDWHX?tag=eloabder-20&linkCode=osi&th=1&psc=1"><img src="https://m.media-amazon.com/images/I/51HPMtia03L._SL500_.jpg" alt="Product Image"></a><p>Fire Fix Fire Extinguisher for Home 5-Pack | Made in USA | Emergency Fire Spray Foam for Apartment, Boat, Camping, Car, House, Kitchen & Vehicle | Safety & Survival | Compact, Small, Safe & Easy Use</p><p>$56.95</p><a href="https://www.amazon.com/dp/B0CLWDDWHX?tag=eloabder-20&linkCode=osi&th=1&psc=1">View Product</a></div><div class="product"><a href="https://www.amazon.com/dp/B0CKZF9H3D?tag=eloabder-20&linkCode=osi&th=1&psc=1"><img src="https://m.media-amazon.com/images/I/41+Q4YdByuL._SL500_.jpg" alt="Product Image"></a><p>Firexo All Fires Fire Extinguisher - Multipurpose Mini Aerosol - Pack of 6 - Home, Kitchen, Car, Garage, Boat, Caravan, Camping Household, ABC, Vehicle, Compact, RV, Emergency Equipment (0.1 Gal)</p><p>$139.99</p><a href="https://www.amazon.com/dp/B0CKZF9H3D?tag=eloabder-20&linkCode=osi&th=1&psc=1">View Product</a></div>
Aucun résultat trouvé.
Aucun résultat trouvé.






<div class="product"><a href="https://www.amazon.com/dp/B00FOKOKMU?tag=eloabder-20&linkCode=osi&th=1&psc=1"><img src="https://m.media-amazon.com/images/I/41KsUW-6WOL._SL500_.jpg" alt="Product Image"></a><p>The Original Leather Recoloring Balm by Furniture Clinic - 16 Colors - Leather Repair Kit for Furniture - Restore Couches, Car Seats & More - Leather Dye for Scratched and Faded Leather (Beige)</p><p>$29.95</p><a href="https://www.amazon.com/dp/B00FOKOKMU?tag=eloabder-20&linkCode=osi&th=1&psc=1">View Product</a></div>


<div class="product"><a href="https://www.amazon.com/dp/B0BQX6CPLS?tag=eloabder-20&linkCode=osi&th=1&psc=1"><img src="https://m.media-amazon.com/images/I/51OtuHOIJpL._SL500_.jpg" alt="Product Image"></a><p>Dry Stop Fire Spray by Prepared Hero - 8 Pack - Portable Fire Extinguisher for Home, Car, Garage, Kitchen - Works on Electrical, Grease, Battery Fires & More - Compact, Easy to Use</p><p>$143.99</p><a href="https://www.amazon.com/dp/B0BQX6CPLS?tag=eloabder-20&linkCode=osi&th=1&psc=1">View Product</a></div><div class="product"><a href="https://www.amazon.com/dp/B0BQX76B9K?tag=eloabder-20&linkCode=osi&th=1&psc=1"><img src="https://m.media-amazon.com/images/I/51iHCSuHw5L._SL500_.jpg" alt="Product Image"></a><p>Vapor Clean Fire Spray by Prepared Hero - 8 Pack - Portable Fire Extinguisher for Home, Car, Garage, Kitchen - Works on Electrical, Grease, Battery Fires & More - Compact, Easy to Use</p><p>$143.99</p><a href="https://www.amazon.com/dp/B0BQX76B9K?tag=eloabder-20&linkCode=osi&th=1&psc=1">View Product</a></div><div class="product"><a href="https://www.amazon.com/dp/B0C32NVZJZ?tag=eloabder-20&linkCode=osi&th=1&psc=1"><img src="https://m.media-amazon.com/images/I/61coxTM3mSL._SL500_.jpg" alt="Product Image"></a><p>Houandg Water-Based Fire Extinguisher- 2 Pack Portable Solution for All Fire Types in Homes, Vehicles, Kitchens - Prevents Re-Ignition</p><p>$33.98</p><a href="https://www.amazon.com/dp/B0C32NVZJZ?tag=eloabder-20&linkCode=osi&th=1&psc=1">View Product</a></div>
<div class="product"><a href="https://www.amazon.com/dp/B00L3W1OAO?tag=eloabder-20&linkCode=osi&th=1&psc=1"><img src="https://m.media-amazon.com/images/I/414uILMLuaL._SL500_.jpg" alt="Product Image"></a><p>Pro F/X Rubber Mask Grease Wheel - 1 Ounce - Trauma</p><p>$27.01</p><a href="https://www.amazon.com/dp/B00L3W1OAO?tag=eloabder-20&linkCode=osi&th=1&psc=1">View Product</a></div>
<div class="product"><a href="https://www.amazon.com/dp/B0CZ16SHCH?tag=eloabder-20&linkCode=osi&th=1&psc=1"><img src="https://m.media-amazon.com/images/I/31pYxaz4gYL._SL500_.jpg" alt="Product Image"></a><p>P & S PROFESSIONAL DETAIL PRODUCTS - Rehab - Paint Correction Creme Safe for All Paint Types and with Multiple pad Types - Easy-to-use-Formula Works at Any Stage of Paint Correction - 1 Quart</p><p>$56.95</p><a href="https://www.amazon.com/dp/B0CZ16SHCH?tag=eloabder-20&linkCode=osi&th=1&psc=1">View Product</a></div><div class="product"><a href="https://www.amazon.com/dp/B082BG8HLX?tag=eloabder-20&linkCode=osi&th=1&psc=1"><img src="https://m.media-amazon.com/images/I/31OAXbv7QFL._SL500_.jpg" alt="Product Image"></a><p>Lithium Auto Elixirs Color Crush- A rather intense approach to an Instant Detailer, Infused with color enhancing technology - Extremely Hydrophobic ingredients, long lasting Instant Detailer</p><p>$19.95 ($1.25 / Fl Oz)</p><a href="https://www.amazon.com/dp/B082BG8HLX?tag=eloabder-20&linkCode=osi&th=1&psc=1">View Product</a></div><div class="product"><a href="https://www.amazon.com/dp/B07MTPWZ76?tag=eloabder-20&linkCode=osi&th=1&psc=1"><img src="https://m.media-amazon.com/images/I/41v5yubrqoL._SL500_.jpg" alt="Product Image"></a><p>Lithium Seal and Squeal Paint Sealant/Polish - Incredible Shine and Lasting Protection - Curable Amino Functional Polymers Fused with Si02 Ceramic Nano Technology -Lasts for up to 12 Months (16 oz)</p><p>$39.99 ($2.50 / Ounce)</p><a href="https://www.amazon.com/dp/B07MTPWZ76?tag=eloabder-20&linkCode=osi&th=1&psc=1">View Product</a></div><div class="product"><a href="https://www.amazon.com/dp/B07MVNX377?tag=eloabder-20&linkCode=osi&th=1&psc=1"><img src="https://m.media-amazon.com/images/I/31gEqFf7rhL._SL500_.jpg" alt="Product Image"></a><p>Leather Love - The Best Leather Conditioner On The Planet, Brings Old Leather Back To Life, All Natural Ingredients Mixed With Serious Science, Restores, Rehydrates, Protects (8oz)</p><p>$28.99 ($3.62 / Ounce)</p><a href="https://www.amazon.com/dp/B07MVNX377?tag=eloabder-20&linkCode=osi&th=1&psc=1">View Product</a></div><div class="product"><a href="https://www.amazon.com/dp/B07MTQP514?tag=eloabder-20&linkCode=osi&th=1&psc=1"><img src="https://m.media-amazon.com/images/I/311IYwH-oaL._SL500_.jpg" alt="Product Image"></a><p>Trim Serum- Plastic Restorer- Restores Even the Most Damaged Plastic, Rubber and Vinyl, Last For Months, Penetrates Plastic Pores Restoring Color. (16 Oz)</p><p>$36.99</p><a href="https://www.amazon.com/dp/B07MTQP514?tag=eloabder-20&linkCode=osi&th=1&psc=1">View Product</a></div><div class="product"><a href="https://www.amazon.com/dp/B07236X7TS?tag=eloabder-20&linkCode=osi&th=1&psc=1"><img src="https://m.media-amazon.com/images/I/51-mgxYD9kL._SL500_.jpg" alt="Product Image"></a><p>Skidmore's Biker Edition Leather Cream | All Natural Formula Cleans, Conditions, and Protects your Motorcycle | Made in USA</p><p>$44.98</p><a href="https://www.amazon.com/dp/B07236X7TS?tag=eloabder-20&linkCode=osi&th=1&psc=1">View Product</a></div><div class="product"><a href="https://www.amazon.com/dp/B001CS6HH4?tag=eloabder-20&linkCode=osi&th=1&psc=1"><img src="https://m.media-amazon.com/images/I/41wY0SB+DWL._SL500_.jpg" alt="Product Image"></a><p>Fiebing's Yellow Saddle Soap for Leather (3.5 oz Tin) - Leather Cleaner & Conditioner to Soften, Protect & Restore Leathercraft - Leather Soap for Car Seat, Couch, Shoe, Purse, Boot, Bag, & Saddles</p><p>$7.15 ($2.04 / Ounce)</p><a href="https://www.amazon.com/dp/B001CS6HH4?tag=eloabder-20&linkCode=osi&th=1&psc=1">View Product</a></div><div class="product"><a href="https://www.amazon.com/dp/B08RHZ1BKD?tag=eloabder-20&linkCode=osi&th=1&psc=1"><img src="https://m.media-amazon.com/images/I/21WKh31c4tL._SL500_.jpg" alt="Product Image"></a><p>Lithium Ignite After Wash - Conditions and Shines Surfaces as You Dry. Streak-Free Hydrophobic Formula adds Lubrication to Stop Micro Scratching While Surfaces pop with Color.</p><p>$21.99 ($1.37 / Fl Oz)</p><a href="https://www.amazon.com/dp/B08RHZ1BKD?tag=eloabder-20&linkCode=osi&th=1&psc=1">View Product</a></div><div class="product"><a href="https://www.amazon.com/dp/B0003A1T3E?tag=eloabder-20&linkCode=osi&th=1&psc=1"><img src="https://m.media-amazon.com/images/I/41042PKJ1ZL._SL500_.jpg" alt="Product Image"></a><p>URAD One step All-In-One Leather conditioner 140g - NEUTRAL</p><p>$16.13</p><a href="https://www.amazon.com/dp/B0003A1T3E?tag=eloabder-20&linkCode=osi&th=1&psc=1">View Product</a></div>

<div class="product"><a href="https://www.amazon.com/dp/B0B3NFH3QY?tag=eloabder-20&linkCode=osi&th=1&psc=1"><img src="https://m.media-amazon.com/images/I/51sKVZnP-WL._SL500_.jpg" alt="Product Image"></a><p>Little Joe 96427-6PK I Love Hockey New Car Scent Red Car Air Freshener A/C Vent Clip Uses Alcohol-Free Fragrance Oil is Non-Hazardous and Non-Toxic Plastic, Pack of 6</p><p>$21.99 ($3.66 / Count)</p><a href="https://www.amazon.com/dp/B0B3NFH3QY?tag=eloabder-20&linkCode=osi&th=1&psc=1">View Product</a></div><div class="product"><a href="https://www.amazon.com/dp/B072275K82?tag=eloabder-20&linkCode=osi&th=1&psc=1"><img src="https://m.media-amazon.com/images/I/41wDnF6SiAL._SL500_.jpg" alt="Product Image"></a><p>Little Joe 96404-6PK Fruit Scent, Car Air Freshener, Clips to A/C Air Vent, Alcohol-Free Fragrance Oil, Non-Hazardous and Non-Toxic Plastic, Set of 6</p><p>$16.60 ($2.77 / Count)</p><a href="https://www.amazon.com/dp/B072275K82?tag=eloabder-20&linkCode=osi&th=1&psc=1">View Product</a></div><div class="product"><a href="https://www.amazon.com/dp/B0CQPQ2S4W?tag=eloabder-20&linkCode=osi&th=1&psc=1"><img src="https://m.media-amazon.com/images/I/31iRknmvjeL._SL500_.jpg" alt="Product Image"></a><p>Little Pup 96613 Blue Raspberry Slushy Scent Car Air Freshener A/C Vent Clip Uses Alcohol-Free Fragrance Oil is Non Hazardous and Non Toxic, Pack of 1</p><p>$3.94</p><a href="https://www.amazon.com/dp/B0CQPQ2S4W?tag=eloabder-20&linkCode=osi&th=1&psc=1">View Product</a></div><div class="product"><a href="https://www.amazon.com/dp/B0CQPNMTM4?tag=eloabder-20&linkCode=osi&th=1&psc=1"><img src="https://m.media-amazon.com/images/I/41eEovL+zML._SL500_.jpg" alt="Product Image"></a><p>Little Joe 96414-6PK Orange Creamsicle Scent Car Air Freshener A/C Vent Clip Uses Alcohol-Free Fragrance Oil is Non-Hazardous and Non-Toxic Plastic, Pack of 6</p><p>$25.99 ($4.33 / Count)</p><a href="https://www.amazon.com/dp/B0CQPNMTM4?tag=eloabder-20&linkCode=osi&th=1&psc=1">View Product</a></div><div class="product"><a href="https://www.amazon.com/dp/B0CH9KNNZN?tag=eloabder-20&linkCode=osi&th=1&psc=1"><img src="https://m.media-amazon.com/images/I/41jX66PGMTL._SL500_.jpg" alt="Product Image"></a><p>TAKAVU Clay Bars Auto Detailing 2 Pack X 100g, Premium Grade Material, Magic Clay Bar Cleaner for Cars, RV, Boat and Bus (Grey)</p><p>$9.99</p><a href="https://www.amazon.com/dp/B0CH9KNNZN?tag=eloabder-20&linkCode=osi&th=1&psc=1">View Product</a></div>

<div class="product"><a href="https://www.amazon.com/dp/B004UM6DLE?tag=eloabder-20&linkCode=osi&th=1&psc=1"><img src="https://m.media-amazon.com/images/I/314nawyx6sL._SL500_.jpg" alt="Product Image"></a><p>CARPRO IronX Iron Remover: Stops Rust Spots and Pre-Mature Failure of The Clear Coat, Iron Contaminant Removal - 500mL with Sprayer (17oz)</p><p>$26.78</p><a href="https://www.amazon.com/dp/B004UM6DLE?tag=eloabder-20&linkCode=osi&th=1&psc=1">View Product</a></div><div class="product"><a href="https://www.amazon.com/dp/B01HXZXO98?tag=eloabder-20&linkCode=osi&th=1&psc=1"><img src="https://m.media-amazon.com/images/I/41Ne9OfQGzL._SL500_.jpg" alt="Product Image"></a><p>Chemical Guys CWS80316 Clean Slate Deep Surface Cleaning Car Wash Soap (Removes Old Car Waxes, Glazes & Sealants for Superior Surface Prep), 16 fl oz, Citrus Scent</p><p>$11.99 ($0.75 / Fl Oz)</p><a href="https://www.amazon.com/dp/B01HXZXO98?tag=eloabder-20&linkCode=osi&th=1&psc=1">View Product</a></div><div class="product"><a href="https://www.amazon.com/dp/B07C39H9YX?tag=eloabder-20&linkCode=osi&th=1&psc=1"><img src="https://m.media-amazon.com/images/I/31yK3Vb5xWL._SL500_.jpg" alt="Product Image"></a><p>Adam's Polishes Iron Remover (16oz) - Iron Out Fallout Rust Remover Spray for Car Detailing | Remove Iron Particles in Car Paint, Motorcycle, RV & Boat | Use Before Clay Bar, Car Wax or Car Wash</p><p>$16.99</p><a href="https://www.amazon.com/dp/B07C39H9YX?tag=eloabder-20&linkCode=osi&th=1&psc=1">View Product</a></div><div class="product"><a href="https://www.amazon.com/dp/B0BTJ9DJM5?tag=eloabder-20&linkCode=osi&th=1&psc=1"><img src="https://m.media-amazon.com/images/I/41tNMqlDrxL._SL500_.jpg" alt="Product Image"></a><p>Torque Detail Decon Wash Pack - Decontamination Soap 8oz + Wash Mitt - Surface Strip Wash Car Shampoo - Highly Absorbent Microfiber Chenille Car Wash Mitt Safely Cleans Your Vehicles Entire Surface</p><p>$24.95 ($3.12 / Fl Oz)</p><a href="https://www.amazon.com/dp/B0BTJ9DJM5?tag=eloabder-20&linkCode=osi&th=1&psc=1">View Product</a></div><div class="product"><a href="https://www.amazon.com/dp/B013K5V9PQ?tag=eloabder-20&linkCode=osi&th=1&psc=1"><img src="https://m.media-amazon.com/images/I/41V3rm6NlZL._SL500_.jpg" alt="Product Image"></a><p>CARPRO PolyShave Decon Towel - Car Detailing Clay Decontamination Faster than Clay Bar, Clean & Release of Paint Contaminants and Glass - Increase Wax and Sealant Bond - 12" x 12" (1 Pack)</p><p>$39.97</p><a href="https://www.amazon.com/dp/B013K5V9PQ?tag=eloabder-20&linkCode=osi&th=1&psc=1">View Product</a></div><div class="product"><a href="https://www.amazon.com/dp/B0B788NBWG?tag=eloabder-20&linkCode=osi&th=1&psc=1"><img src="https://m.media-amazon.com/images/I/51NDfAOuEmL._SL500_.jpg" alt="Product Image"></a><p>P & S Professional Detail Products - Clay Decontamination Towel - Effective Cleaning & Release of Paint Contaminants; Increase Wax & Sealant Bond; Enhance Gloss & Depth of Color; Fine Grade-12" x 12"</p><p>$34.95</p><a href="https://www.amazon.com/dp/B0B788NBWG?tag=eloabder-20&linkCode=osi&th=1&psc=1">View Product</a></div><div class="product"><a href="https://www.amazon.com/dp/B0B27TFK69?tag=eloabder-20&linkCode=osi&th=1&psc=1"><img src="https://m.media-amazon.com/images/I/41zJPQIcqeL._SL500_.jpg" alt="Product Image"></a><p>The Rag Company - Ultra Clay Decontamination Mitt - Easy to Use; Effective Cleaning & Release of Paint Contaminants; Increase Wax & Sealant Bond; Enhance Gloss &Color Depth; Fine Grade (8.7"x5.7")</p><p>$34.95</p><a href="https://www.amazon.com/dp/B0B27TFK69?tag=eloabder-20&linkCode=osi&th=1&psc=1">View Product</a></div><div class="product"><a href="https://www.amazon.com/dp/B0C6XBN14N?tag=eloabder-20&linkCode=osi&th=1&psc=1"><img src="https://m.media-amazon.com/images/I/31BSavOJ89L._SL500_.jpg" alt="Product Image"></a><p>3D Iron Remover GLW Series | DIY Car Detailing | Hyper Effective Wheel Decontamination | Removes Iron Particles, Dirt, Brake Dust | Rapid Results | Ultimate Iron & Surface Contaminate Eliminator, 16oz</p><p>$17.99</p><a href="https://www.amazon.com/dp/B0C6XBN14N?tag=eloabder-20&linkCode=osi&th=1&psc=1">View Product</a></div>







<div class="product"><a href="https://www.amazon.com/dp/B0D2SPCW3G?tag=eloabder-20&linkCode=osi&th=1&psc=1"><img src="https://m.media-amazon.com/images/I/41JYIg6xqqL._SL500_.jpg" alt="Product Image"></a><p>Crankcase Ventilation Oil Separator with Gasket Compatible for 2008-2014 Volvo Mack D13 D16 MP8 Engine Replace 21122541 20499419</p><p>$155.99</p><a href="https://www.amazon.com/dp/B0D2SPCW3G?tag=eloabder-20&linkCode=osi&th=1&psc=1">View Product</a></div>

<div class="product"><a href="https://www.amazon.com/dp/B0C6M2FHGX?tag=eloabder-20&linkCode=osi&th=1&psc=1"><img src="https://m.media-amazon.com/images/I/21wWRrpHdbL._SL500_.jpg" alt="Product Image"></a><p>eMagTech 9PCS Warning Sign Please No Smoking Vaping Food Drink Stickers 110x50mm Self-Adhesive Vinyl Window Decal for Car Taxis Buses Minibuses</p><p>$9.49</p><a href="https://www.amazon.com/dp/B0C6M2FHGX?tag=eloabder-20&linkCode=osi&th=1&psc=1">View Product</a></div>

Aucun résultat trouvé.

<div class="product"><a href="https://www.amazon.com/dp/B0CVWZZMRY?tag=eloabder-20&linkCode=osi&th=1&psc=1"><img src="https://m.media-amazon.com/images/I/512y-1GwQNL._SL500_.jpg" alt="Product Image"></a><p>Jewkot 4 PCS Car Wiper Strip, 28" Boneless Structure Car Windshield Cleaning Wiper Strip, DIY Length Auxiliary Cleaning Replacement Accessory, Suitable for Most Cars, Vans, Trucks, Buses (Black)</p><p>$5.58</p><a href="https://www.amazon.com/dp/B0CVWZZMRY?tag=eloabder-20&linkCode=osi&th=1&psc=1">View Product</a></div>
<div class="product"><a href="https://www.amazon.com/dp/B07L3VQC6W?tag=eloabder-20&linkCode=osi&th=1&psc=1"><img src="https://m.media-amazon.com/images/I/41GebP+2HYL._SL500_.jpg" alt="Product Image"></a><p>BRISA VW Collection Volkswagen Air Freshener, Room Freshener, Deodorizer for Cars T1 Bus Campervan Motif (Citrus/Yellow/Set of 2)</p><p>$13.90 ($6.95 / Count)</p><a href="https://www.amazon.com/dp/B07L3VQC6W?tag=eloabder-20&linkCode=osi&th=1&psc=1">View Product</a></div><div class="product"><a href="https://www.amazon.com/dp/B07L3V86JS?tag=eloabder-20&linkCode=osi&th=1&psc=1"><img src="https://m.media-amazon.com/images/I/41TblWhKhQL._SL500_.jpg" alt="Product Image"></a><p>BRISA VW Collection Volkswagen Air Freshener, Room Freshener, Deodorizer for Cars T1 Bus Campervan Motif (New Car/Green/Set of 2)</p><p>$13.90 ($6.95 / Count)</p><a href="https://www.amazon.com/dp/B07L3V86JS?tag=eloabder-20&linkCode=osi&th=1&psc=1">View Product</a></div>


Aucun résultat trouvé.










<div class="product"><a href="https://www.amazon.com/dp/B099HL5SV2?tag=eloabder-20&linkCode=osi&th=1&psc=1"><img src="https://m.media-amazon.com/images/I/31kcR8HnylL._SL500_.jpg" alt="Product Image"></a><p>Philips GoPure GP5212 High Performance HEPA Air Purifier for Car, Removes up to 100 Pollutants, Exhaust Fumes, VOCs, Smoke, Bad Odors, Bacteria and Viruses</p><p>$77.59</p><a href="https://www.amazon.com/dp/B099HL5SV2?tag=eloabder-20&linkCode=osi&th=1&psc=1">View Product</a></div><div class="product"><a href="https://www.amazon.com/dp/B07TB419F7?tag=eloabder-20&linkCode=osi&th=1&psc=1"><img src="https://m.media-amazon.com/images/I/41l9XK-u-eL._SL500_.jpg" alt="Product Image"></a><p>Enoch Ionic Car Air Purifier with Dual USB Car Charger. Car Air Freshener Eliminates Odor, Dust. Removes Smoke, Pet and Food Odor. Ionic Ozone Car Deodorizer (Matt Black)</p><p>$24.50</p><a href="https://www.amazon.com/dp/B07TB419F7?tag=eloabder-20&linkCode=osi&th=1&psc=1">View Product</a></div><div class="product"><a href="https://www.amazon.com/dp/B08C9LKKMM?tag=eloabder-20&linkCode=osi&th=1&psc=1"><img src="https://m.media-amazon.com/images/I/41uJDRzxfrL._SL500_.jpg" alt="Product Image"></a><p>4WDKING Car Air Purifier Ionizer, 12V Plug-in Car Air Freshener Gadgets with Dual USB Charger Removes Cigarette Smoke, Pet and Food Odor, Ionic Ozone (Black)</p><p>$22.99</p><a href="https://www.amazon.com/dp/B08C9LKKMM?tag=eloabder-20&linkCode=osi&th=1&psc=1">View Product</a></div><div class="product"><a href="https://www.amazon.com/dp/B07C7D366L?tag=eloabder-20&linkCode=osi&th=1&psc=1"><img src="https://m.media-amazon.com/images/I/51GvjMcOskL._SL500_.jpg" alt="Product Image"></a><p>Car Air Purifier Ionizer - 12V Plug-in Ionic Anti-Microbial Car Deodorizer with Dual USB Charger - Smoke Smell, Pet and Food Odors, Allergens, Viruses Eliminator for Car (Matte Silver)</p><p>$24.99</p><a href="https://www.amazon.com/dp/B07C7D366L?tag=eloabder-20&linkCode=osi&th=1&psc=1">View Product</a></div><div class="product"><a href="https://www.amazon.com/dp/B086H3FW7T?tag=eloabder-20&linkCode=osi&th=1&psc=1"><img src="https://m.media-amazon.com/images/I/51FfQTz4koL._SL500_.jpg" alt="Product Image"></a><p>bmbu 1000g Large Bamboo Charcoal Air Purifier Bag - Car Deodorizer/Car Freshener - Remove Odor and Control Moisture in Your RV, Camper, SUV, Car, Truck, Closet, Mobile Home, Storage - Non Fragrant</p><p>$22.99 ($0.65 / Ounce)</p><a href="https://www.amazon.com/dp/B086H3FW7T?tag=eloabder-20&linkCode=osi&th=1&psc=1">View Product</a></div><div class="product"><a href="https://www.amazon.com/dp/B019NXUJ5K?tag=eloabder-20&linkCode=osi&th=1&psc=1"><img src="https://m.media-amazon.com/images/I/31grLw6pdUL._SL500_.jpg" alt="Product Image"></a><p>PURGGO Car Air Freshener - Lasts 365+ Days No Chemicals 100% Activated Bamboo Charcoal Fragrance-Free Deodorizer, Natural Auto Odor Eliminator, Purifier, Neutralizer, Absorb Smoke Smell</p><p>$25.99</p><a href="https://www.amazon.com/dp/B019NXUJ5K?tag=eloabder-20&linkCode=osi&th=1&psc=1">View Product</a></div><div class="product"><a href="https://www.amazon.com/dp/B0CT5TBKH5?tag=eloabder-20&linkCode=osi&th=1&psc=1"><img src="https://m.media-amazon.com/images/I/41UB7n6FuwL._SL500_.jpg" alt="Product Image"></a><p>Timgle 1 Pack Car Air Freshener, Lasts 365+ Days, No Chemicals 100% Activated Bamboo Charcoal Fragrance, Free Deodorizer, Natural Auto Odor Eliminator, Purifier, Neutralizer (Khaki Strap)</p><p>$10.99</p><a href="https://www.amazon.com/dp/B0CT5TBKH5?tag=eloabder-20&linkCode=osi&th=1&psc=1">View Product</a></div><div class="product"><a href="https://www.amazon.com/dp/B00V4049K2?tag=eloabder-20&linkCode=osi&th=1&psc=1"><img src="https://m.media-amazon.com/images/I/51rLLMGOc6L._SL500_.jpg" alt="Product Image"></a><p>PURGGO Car Air Freshener - Auto Odor Eliminator - 100% Activated Bamboo Charcoal Air Purifier, Ionizer - Absorb and Remove Smoke Smell - Fragrance-Free Deodorizer - Lasts 365+ Days [Classic Beige]</p><p>$25.99</p><a href="https://www.amazon.com/dp/B00V4049K2?tag=eloabder-20&linkCode=osi&th=1&psc=1">View Product</a></div>








<div class="product"><a href="https://www.amazon.com/dp/B00RYGK12K?tag=eloabder-20&linkCode=osi&th=1&psc=1"><img src="https://m.media-amazon.com/images/I/51RdEyCkvuL._SL500_.jpg" alt="Product Image"></a><p>Little Trees Cardboard Hanging Car, Home & Office Air Freshener, Summer Linen (Pack of 12)</p><p>$11.82 ($0.98 / Count)</p><a href="https://www.amazon.com/dp/B00RYGK12K?tag=eloabder-20&linkCode=osi&th=1&psc=1">View Product</a></div><div class="product"><a href="https://www.amazon.com/dp/B00LM54ZD0?tag=eloabder-20&linkCode=osi&th=1&psc=1"><img src="https://m.media-amazon.com/images/I/41YuRNweefL._SL500_.jpg" alt="Product Image"></a><p>LITTLE TREES Air Fresheners Car Air Freshener. Hanging Tree Provides Long Lasting Scent for Auto or Home. Black Ice, 24 Air Fresheners</p><p>$20.19 ($0.84 / Count)</p><a href="https://www.amazon.com/dp/B00LM54ZD0?tag=eloabder-20&linkCode=osi&th=1&psc=1">View Product</a></div><div class="product"><a href="https://www.amazon.com/dp/B09BB4V1Y8?tag=eloabder-20&linkCode=osi&th=1&psc=1"><img src="https://m.media-amazon.com/images/I/51AKMdDLO-L._SL500_.jpg" alt="Product Image"></a><p>DRIVEJOY Car Air Freshener Vent Clips, 8 PK, 6 Ocean, 2 New Car Scent, Car Fresheners for Men Women, Up to 240 Days, Long Lasting Air Freshener for Car, Odor Eliminator</p><p>$9.98 ($9.60 / Fl Oz)</p><a href="https://www.amazon.com/dp/B09BB4V1Y8?tag=eloabder-20&linkCode=osi&th=1&psc=1">View Product</a></div><div class="product"><a href="https://www.amazon.com/dp/B078JWRLYT?tag=eloabder-20&linkCode=osi&th=1&psc=1"><img src="https://m.media-amazon.com/images/I/41shbIl-LEL._SL500_.jpg" alt="Product Image"></a><p>California Scents Air Freshener 4-Pack Car Air Freshener (Coronado Cherry)</p><p>$12.88 ($2.15 / Ounce)</p><a href="https://www.amazon.com/dp/B078JWRLYT?tag=eloabder-20&linkCode=osi&th=1&psc=1">View Product</a></div><div class="product"><a href="https://www.amazon.com/dp/B0CW4CJWW9?tag=eloabder-20&linkCode=osi&th=1&psc=1"><img src="https://m.media-amazon.com/images/I/417lKQ0MXPL._SL500_.jpg" alt="Product Image"></a><p>Karma, Essential Oil Air Freshener for Cars Set of 2, Home & Office - Colorful Decorative Hanging Air Freshener with Tassel, Buttercup Vanilla Scented</p><p>$8.40 ($4.20 / Count)</p><a href="https://www.amazon.com/dp/B0CW4CJWW9?tag=eloabder-20&linkCode=osi&th=1&psc=1">View Product</a></div><div class="product"><a href="https://www.amazon.com/dp/B00AYCXL2I?tag=eloabder-20&linkCode=osi&th=1&psc=1"><img src="https://m.media-amazon.com/images/I/5165h10nKbL._SL500_.jpg" alt="Product Image"></a><p>Febreze Car Air Fresheners, New Car Scent, Odor Eliminator for Strong Odors Car Vent Clips (2 Count)</p><p>$9.98 ($4.99 / Count)</p><a href="https://www.amazon.com/dp/B00AYCXL2I?tag=eloabder-20&linkCode=osi&th=1&psc=1">View Product</a></div><div class="product"><a href="https://www.amazon.com/dp/B01LZ0N1MJ?tag=eloabder-20&linkCode=osi&th=1&psc=1"><img src="https://m.media-amazon.com/images/I/41J5LJGof9L._SL500_.jpg" alt="Product Image"></a><p>LITTLE TREES Car Air Freshener | Hanging Paper Tree for Home or Car | New Car Scent | 12 Pack</p><p>$11.70 ($0.98 / Count)</p><a href="https://www.amazon.com/dp/B01LZ0N1MJ?tag=eloabder-20&linkCode=osi&th=1&psc=1">View Product</a></div><div class="product"><a href="https://www.amazon.com/dp/B0C2Q2VGPZ?tag=eloabder-20&linkCode=osi&th=1&psc=1"><img src="https://m.media-amazon.com/images/I/413gckSL1EL._SL500_.jpg" alt="Product Image"></a><p>Savage Disposable Card Freshener for Men | Car Scents Air Freshener with Sauvage Fragrance | Strong Car Perfume Air Freshener with Odour Eliminating Technology | Suvage by Perfa</p><p>$6.99</p><a href="https://www.amazon.com/dp/B0C2Q2VGPZ?tag=eloabder-20&linkCode=osi&th=1&psc=1">View Product</a></div>




<div class="product"><a href="https://www.amazon.com/dp/B06WVL7YSG?tag=eloabder-20&linkCode=osi&th=1&psc=1"><img src="https://m.media-amazon.com/images/I/51fO0NuM6nL._SL500_.jpg" alt="Product Image"></a><p>Meguiar's Quik Scratch Eraser Kit, Car Scratch Remover for Repairing Surface Blemishes, Car Care Kit with ScratchX, Drill-Mounted Pad, and Microfiber Towel, 3 Count</p><p>$17.97</p><a href="https://www.amazon.com/dp/B06WVL7YSG?tag=eloabder-20&linkCode=osi&th=1&psc=1">View Product</a></div><div class="product"><a href="https://www.amazon.com/dp/B00P67GSRG?tag=eloabder-20&linkCode=osi&th=1&psc=1"><img src="https://m.media-amazon.com/images/I/41R-vt8tcnL._SL500_.jpg" alt="Product Image"></a><p>Chemical Guys GAP_VKIT_16 V Line Polish and Compound Kit For Light to Heavy Swirls & Scratches (Safe for Cars, Trucks, SUVs, RVs, Motorcycles, & More) 4 - 16 fl oz Items</p><p>$69.99</p><a href="https://www.amazon.com/dp/B00P67GSRG?tag=eloabder-20&linkCode=osi&th=1&psc=1">View Product</a></div>
<div class="product"><a href="https://www.amazon.com/dp/B0BQ1CPLSQ?tag=eloabder-20&linkCode=osi&th=1&psc=1"><img src="https://m.media-amazon.com/images/I/41ikSNNgp5L._SL500_.jpg" alt="Product Image"></a><p>PROPER DETAILING CO. Car Detailing Kit Interior Cleaner, Get Professional Results - Car Interior Cleaning Kit includes 16 oz. interior cleaner, premium boars hair detail brush, and 2 microfiber towels</p><p>$23.99</p><a href="https://www.amazon.com/dp/B0BQ1CPLSQ?tag=eloabder-20&linkCode=osi&th=1&psc=1">View Product</a></div>

<div class="product"><a href="https://www.amazon.com/dp/B0D464228M?tag=eloabder-20&linkCode=osi&th=1&psc=1"><img src="https://m.media-amazon.com/images/I/315VtBe9l-L._SL500_.jpg" alt="Product Image"></a><p>Drift Car Air Freshener - Wood Air Freshener - Car Odor Eliminator - Open Air Scent Starter Kit</p><p>$11.95</p><a href="https://www.amazon.com/dp/B0D464228M?tag=eloabder-20&linkCode=osi&th=1&psc=1">View Product</a></div>
<div class="product"><a href="https://www.amazon.com/dp/B071HR14SJ?tag=eloabder-20&linkCode=osi&th=1&psc=1"><img src="https://m.media-amazon.com/images/I/41crypCefDL._SL500_.jpg" alt="Product Image"></a><p>Meguiar's Gold Class Car Wash Soap, Ultra-Rich Car Wash Soap and Conditioner for Car Cleaning, Car Wash Soap to Clean and Condition in One Easy Step, 1 Gallon Car Wash Soap</p><p>$24.99 ($0.20 / Ounce)</p><a href="https://www.amazon.com/dp/B071HR14SJ?tag=eloabder-20&linkCode=osi&th=1&psc=1">View Product</a></div><div class="product"><a href="https://www.amazon.com/dp/B085R9L9Q9?tag=eloabder-20&linkCode=osi&th=1&psc=1"><img src="https://m.media-amazon.com/images/I/41tAv1FNbZL._SL500_.jpg" alt="Product Image"></a><p>Armor All Extreme Shield Protectant Spray , Interior Car Cleaner with UV Protection Against Cracking and Fading, 16 Fl Oz</p><p>$8.98 ($0.56 / Fl Oz)</p><a href="https://www.amazon.com/dp/B085R9L9Q9?tag=eloabder-20&linkCode=osi&th=1&psc=1">View Product</a></div><div class="product"><a href="https://www.amazon.com/dp/B016NA9Y4S?tag=eloabder-20&linkCode=osi&th=1&psc=1"><img src="https://m.media-amazon.com/images/I/31oz8VJFdjL._SL500_.jpg" alt="Product Image"></a><p>Rain-X 5079281-2 Latitude 2-In-1 Wiper Blades, 26 Inch Windshield Wipers (Pack Of 1), Automotive Replacement Windshield Wiper Blades With Patented Rain-X Water Repellency Formula</p><p>$17.08</p><a href="https://www.amazon.com/dp/B016NA9Y4S?tag=eloabder-20&linkCode=osi&th=1&psc=1">View Product</a></div><div class="product"><a href="https://www.amazon.com/dp/B0D2PCCJVK?tag=eloabder-20&linkCode=osi&th=1&psc=1"><img src="https://m.media-amazon.com/images/I/41BFT-c3a9L._SL500_.jpg" alt="Product Image"></a><p>HoogaLife Car Air Freshener Diffuser – Revitalize Your Drive with Hanging Air Freshener Diffuser Aromatic Bliss On The Go(VANILLA CREAM)</p><p>$12.99 ($24.06 / Fl Oz)</p><a href="https://www.amazon.com/dp/B0D2PCCJVK?tag=eloabder-20&linkCode=osi&th=1&psc=1">View Product</a></div><div class="product"><a href="https://www.amazon.com/dp/B0D17SKCLF?tag=eloabder-20&linkCode=osi&th=1&psc=1"><img src="https://m.media-amazon.com/images/I/51VjaK8JNmL._SL500_.jpg" alt="Product Image"></a><p>AIDEA Car Wash Mitt Microfiber, 1PK-Scratch-Free& Lint-Free, Premium Chenille Microfiber Wash Mitt-Green Regular Size (7.12''X10.14'')</p><p>$5.99</p><a href="https://www.amazon.com/dp/B0D17SKCLF?tag=eloabder-20&linkCode=osi&th=1&psc=1">View Product</a></div>








<div class="product"><a href="https://www.amazon.com/dp/B00UZE8D00?tag=eloabder-20&linkCode=osi&th=1&psc=1"><img src="https://m.media-amazon.com/images/I/517VVkgvgcL._SL500_.jpg" alt="Product Image"></a><p>Chemical Guys HOL_996 Convertible Top Cleaner and Protectant Kit, 16 oz, 2 Items</p><p>$29.99</p><a href="https://www.amazon.com/dp/B00UZE8D00?tag=eloabder-20&linkCode=osi&th=1&psc=1">View Product</a></div><div class="product"><a href="https://www.amazon.com/dp/B004HCS4NW?tag=eloabder-20&linkCode=osi&th=1&psc=1"><img src="https://m.media-amazon.com/images/I/41j5b6xRqNL._SL500_.jpg" alt="Product Image"></a><p>Meguiar's Convertible Top Cleaner - Fabric Convertible Top Cleaner and Vinyl Convertible Top Cleaner in One Advanced Formula - Safely Removes Stains, Mildew, Bird Droppings, and More, 16 Oz</p><p>$6.87 ($0.43 / Ounce)</p><a href="https://www.amazon.com/dp/B004HCS4NW?tag=eloabder-20&linkCode=osi&th=1&psc=1">View Product</a></div><div class="product"><a href="https://www.amazon.com/dp/B00UZE80N0?tag=eloabder-20&linkCode=osi&th=1&psc=1"><img src="https://m.media-amazon.com/images/I/31FG83SK9SL._SL500_.jpg" alt="Product Image"></a><p>Chemical Guys SPI_193_16 Convertible Top Protectant and Repellent, (Helps Prevent Fading & Discoloration on Fabric Sot Tops) 16 fl oz (Packaging May Vary)</p><p>$19.99 ($1.25 / Fl Oz)</p><a href="https://www.amazon.com/dp/B00UZE80N0?tag=eloabder-20&linkCode=osi&th=1&psc=1">View Product</a></div><div class="product"><a href="https://www.amazon.com/dp/B00UZE8C1A?tag=eloabder-20&linkCode=osi&th=1&psc=1"><img src="https://m.media-amazon.com/images/I/31aLnXKZxfL._SL500_.jpg" alt="Product Image"></a><p>Chemical Guys ACC_S94 Convertible Top Horse Hair Cleaning Brush, Safe for Cloth Soft Tops, Upholstery, Leather, Furniture, & More</p><p>$14.99</p><a href="https://www.amazon.com/dp/B00UZE8C1A?tag=eloabder-20&linkCode=osi&th=1&psc=1">View Product</a></div><div class="product"><a href="https://www.amazon.com/dp/B000A8JNF0?tag=eloabder-20&linkCode=osi&th=1&psc=1"><img src="https://m.media-amazon.com/images/I/51PLChiVIrL._SL500_.jpg" alt="Product Image"></a><p>303 Products Convertible Fabric Top Cleaning and Care Kit - Cleans And Protects Fabric Tops - Includes Tonneau Cover And Convertible Top Cleaner 16 fl. oz. + Fabric Guard, (30520)</p><p>$32.79 ($1.02 / Fl Oz)</p><a href="https://www.amazon.com/dp/B000A8JNF0?tag=eloabder-20&linkCode=osi&th=1&psc=1">View Product</a></div>
<div class="product"><a href="https://www.amazon.com/dp/B0BCQ1XMWV?tag=eloabder-20&linkCode=osi&th=1&psc=1"><img src="https://m.media-amazon.com/images/I/41lV6Au-S9L._SL500_.jpg" alt="Product Image"></a><p>EMITHSUN® Windshield Wiper Blades Replacement for Honda Civic Coupe 2 Door 2005-2011,That Meet OEM Quality Front Wipers Blade Set for My Car-28"+24"(Set of 2)</p><p>$19.99</p><a href="https://www.amazon.com/dp/B0BCQ1XMWV?tag=eloabder-20&linkCode=osi&th=1&psc=1">View Product</a></div>
<div class="product"><a href="https://www.amazon.com/dp/B00I8ITVZG?tag=eloabder-20&linkCode=osi&th=1&psc=1"><img src="https://m.media-amazon.com/images/I/41TXd564pcL._SL500_.jpg" alt="Product Image"></a><p>ECOGARD XC36067 Premium Cabin Air Filter Fits Hyundai Genesis 2009-2016, Equus 2011-2016 | Genesis G80 2017-2021, G90 2019-2021, GV80 2021 | Kia K900 2020</p><p>$10.98</p><a href="https://www.amazon.com/dp/B00I8ITVZG?tag=eloabder-20&linkCode=osi&th=1&psc=1">View Product</a></div>

<div class="product"><a href="https://www.amazon.com/dp/B097C3NCP1?tag=eloabder-20&linkCode=osi&th=1&psc=1"><img src="https://m.media-amazon.com/images/I/41GXST2+s6L._SL500_.jpg" alt="Product Image"></a><p>Raidbee 12 inch Rear Wiper Blade Replacement for Toyota Corolla Hatchback 2022-2019, Nissan Versa 2019-2014 Back Windshield Wiper (H306/12-B)</p><p>$6.99</p><a href="https://www.amazon.com/dp/B097C3NCP1?tag=eloabder-20&linkCode=osi&th=1&psc=1">View Product</a></div>



<div class="product"><a href="https://www.amazon.com/dp/B0CQ4MLKHJ?tag=eloabder-20&linkCode=osi&th=1&psc=1"><img src="https://m.media-amazon.com/images/I/519f8covwQL._SL500_.jpg" alt="Product Image"></a><p>Feetiger All-in-1 Fire Extinguisher for Home, Kitchen, Car, Garage, RV, Truck, Boat, Camping, Fire Spray that Tackles Multiple Types of Fire, 2pack</p><p>$39.99</p><a href="https://www.amazon.com/dp/B0CQ4MLKHJ?tag=eloabder-20&linkCode=osi&th=1&psc=1">View Product</a></div>
<div class="product"><a href="https://www.amazon.com/dp/B07TS4JV6H?tag=eloabder-20&linkCode=osi&th=1&psc=1"><img src="https://m.media-amazon.com/images/I/412htpDd6fL._SL500_.jpg" alt="Product Image"></a><p>Police Flag Air Freshener, New Car Scent, 6-Pack</p><p>$9.99 ($1.66 / Count)</p><a href="https://www.amazon.com/dp/B07TS4JV6H?tag=eloabder-20&linkCode=osi&th=1&psc=1">View Product</a></div>


<div class="product"><a href="https://www.amazon.com/dp/B009EU5ZNO?tag=eloabder-20&linkCode=osi&th=1&psc=1"><img src="https://m.media-amazon.com/images/I/515MJLZbnoL._SL500_.jpg" alt="Product Image"></a><p>J-B Weld 50133 Plastic Bonder Structural Adhesive Syringe - Tan - 25 ml</p><p>$6.98 ($8.21 / Fl Oz)</p><a href="https://www.amazon.com/dp/B009EU5ZNO?tag=eloabder-20&linkCode=osi&th=1&psc=1">View Product</a></div>



<div class="product"><a href="https://www.amazon.com/dp/B09P6YZP72?tag=eloabder-20&linkCode=osi&th=1&psc=1"><img src="https://m.media-amazon.com/images/I/416rlvu+ayL._SL500_.jpg" alt="Product Image"></a><p>AUTOBOO 26"+20" Windshield Wipers with 16" Rear Wiper Blade Replacement for Dodge Grand Caravan 2008-2012 2013 2014 2015 2016 2017 2018 2019 -Original Factory Quality (Pack of 3)</p><p>$23.99</p><a href="https://www.amazon.com/dp/B09P6YZP72?tag=eloabder-20&linkCode=osi&th=1&psc=1">View Product</a></div><div class="product"><a href="https://www.amazon.com/dp/B0BLYQBDS8?tag=eloabder-20&linkCode=osi&th=1&psc=1"><img src="https://m.media-amazon.com/images/I/51SbpSR2zBL._SL500_.jpg" alt="Product Image"></a><p>A-Premium Engine Air Filter Compatible with Chrysler Town & Country & Dodge Grand Caravan & Ram C/V & Volkswagen Routan, 2011-2020, Flexible Panel, Replace# 4861737AA</p><p>$12.99</p><a href="https://www.amazon.com/dp/B0BLYQBDS8?tag=eloabder-20&linkCode=osi&th=1&psc=1">View Product</a></div>
<div class="product"><a href="https://www.amazon.com/dp/B001FCB4JS?tag=eloabder-20&linkCode=osi&th=1&psc=1"><img src="https://m.media-amazon.com/images/I/21wq6fxqiVL._SL500_.jpg" alt="Product Image"></a><p>Dicor BT-1834-1 Butyl Seal Tape - 1/8" x 3/4" x 30' Repair Tape for RV, Trailer, Motorhome, Window, and Vent Sealing</p><p>$13.15 ($0.44 / Foot)</p><a href="https://www.amazon.com/dp/B001FCB4JS?tag=eloabder-20&linkCode=osi&th=1&psc=1">View Product</a></div>
<div class="product"><a href="https://www.amazon.com/dp/B000BUQOD6?tag=eloabder-20&linkCode=osi&th=1&psc=1"><img src="https://m.media-amazon.com/images/I/41O0CoP1L3L._SL500_.jpg" alt="Product Image"></a><p>Camco Camper/RV Toilet Paper | Sewer-Safe, Septic-Safe & Biodegradable | Designed for Camper, Trailer & Marine Sanitation Systems | 1-Ply Tissue | 4 Toilet Paper Rolls – 280 Sheets per Roll (40275)</p><p>$5.99 ($2.14 / 100 Sheets)</p><a href="https://www.amazon.com/dp/B000BUQOD6?tag=eloabder-20&linkCode=osi&th=1&psc=1">View Product</a></div><div class="product"><a href="https://www.amazon.com/dp/B007JG1W1E?tag=eloabder-20&linkCode=osi&th=1&psc=1"><img src="https://m.media-amazon.com/images/I/41i-j99E9ML._SL500_.jpg" alt="Product Image"></a><p>Camco TST Camper / RV Grey Water Odor Control - Removes Grease Buildup in Gray Water Tank, Sink & Shower Drains - 4oz Treats 40-Gal Holding Tank - Safe Septic Tank Treatment - Lemon, 64 oz (40256)</p><p>$19.94 ($0.31 / Fl Oz)</p><a href="https://www.amazon.com/dp/B007JG1W1E?tag=eloabder-20&linkCode=osi&th=1&psc=1">View Product</a></div><div class="product"><a href="https://www.amazon.com/dp/B016V2OSD0?tag=eloabder-20&linkCode=osi&th=1&psc=1"><img src="https://m.media-amazon.com/images/I/31Jm99RYVXL._SL500_.jpg" alt="Product Image"></a><p>Camco TST MAX RV Toilet Treatment Drop-INs | Control Unwanted Odors and Break Down Waste and Tissue | Septic Tank Safe | Lavender Scent | 15-pack (41559)</p><p>$11.97 ($0.80 / Count)</p><a href="https://www.amazon.com/dp/B016V2OSD0?tag=eloabder-20&linkCode=osi&th=1&psc=1">View Product</a></div>






<div class="product"><a href="https://www.amazon.com/dp/B006GJYOL0?tag=eloabder-20&linkCode=osi&th=1&psc=1"><img src="https://m.media-amazon.com/images/I/41YPjiCzDfL._SL500_.jpg" alt="Product Image"></a><p>Boat Bling HS-0128 Hot Sauce Hard Water Spot Remover, Gallon Refill, for Boats, RVs, Powersport Vehicles and More, Black,1 Gallon</p><p>$54.95 ($0.43 / Fl Oz)</p><a href="https://www.amazon.com/dp/B006GJYOL0?tag=eloabder-20&linkCode=osi&th=1&psc=1">View Product</a></div><div class="product"><a href="https://www.amazon.com/dp/B0000AXVCB?tag=eloabder-20&linkCode=osi&th=1&psc=1"><img src="https://m.media-amazon.com/images/I/51gtsDb7zDL._SL500_.jpg" alt="Product Image"></a><p>Meguiar's M4364 Marine/RV Boat Wash - 64 Oz Container</p><p>$13.99 ($0.22 / Fl Oz)</p><a href="https://www.amazon.com/dp/B0000AXVCB?tag=eloabder-20&linkCode=osi&th=1&psc=1">View Product</a></div><div class="product"><a href="https://www.amazon.com/dp/B0007TR47G?tag=eloabder-20&linkCode=osi&th=1&psc=1"><img src="https://m.media-amazon.com/images/I/41Q4SzlVojL._SL500_.jpg" alt="Product Image"></a><p>Meguiar's Flagship Premium Marine Wax, Boat Polish and Oxidation Remover - 32 Oz Bottle</p><p>$21.49</p><a href="https://www.amazon.com/dp/B0007TR47G?tag=eloabder-20&linkCode=osi&th=1&psc=1">View Product</a></div><div class="product"><a href="https://www.amazon.com/dp/B006GJYLFY?tag=eloabder-20&linkCode=osi&th=1&psc=1"><img src="https://m.media-amazon.com/images/I/31G78TSjssL._SL500_.jpg" alt="Product Image"></a><p>Boat Bling Condition Sauce Premium Interior Moisturizer w/UV Protection, 32 oz.</p><p>$27.95</p><a href="https://www.amazon.com/dp/B006GJYLFY?tag=eloabder-20&linkCode=osi&th=1&psc=1">View Product</a></div><div class="product"><a href="https://www.amazon.com/dp/B006GJYKWI?tag=eloabder-20&linkCode=osi&th=1&psc=1"><img src="https://m.media-amazon.com/images/I/41AcDanNz-L._SL500_.jpg" alt="Product Image"></a><p>Boat Bling VS-0032 Vinyl Sauce Premium Vinyl and Leather Cleaner, 32 Oz., for Boats, RVs, Powersport Vehicles and More</p><p>$22.95 ($0.72 / Fl Oz)</p><a href="https://www.amazon.com/dp/B006GJYKWI?tag=eloabder-20&linkCode=osi&th=1&psc=1">View Product</a></div>
<div class="product"><a href="https://www.amazon.com/dp/B004OJTEKK?tag=eloabder-20&linkCode=osi&th=1&psc=1"><img src="https://m.media-amazon.com/images/I/41q8kkNiKOL._SL500_.jpg" alt="Product Image"></a><p>Shurhold Yacht Brite YBP-0302 Brite Wash - 1 Gallon</p><p>$23.97 ($0.19 / Fl Oz)</p><a href="https://www.amazon.com/dp/B004OJTEKK?tag=eloabder-20&linkCode=osi&th=1&psc=1">View Product</a></div>




<div class="product"><a href="https://www.amazon.com/dp/B0B2RDZNZB?tag=eloabder-20&linkCode=osi&th=1&psc=1"><img src="https://m.media-amazon.com/images/I/51RVSUoRuGL._SL500_.jpg" alt="Product Image"></a><p>Fancemot Helicopter Car Air Fresheners Rotating Solar Car Fresheners Airplane Car Perfume (Osmanthus & Vanilla)</p><p>$14.08</p><a href="https://www.amazon.com/dp/B0B2RDZNZB?tag=eloabder-20&linkCode=osi&th=1&psc=1">View Product</a></div><div class="product"><a href="https://www.amazon.com/dp/B0994PG1ZD?tag=eloabder-20&linkCode=osi&th=1&psc=1"><img src="https://m.media-amazon.com/images/I/413er0A8cVS._SL500_.jpg" alt="Product Image"></a><p>NICEADA Car Air Freshener, Helicopter Solar Energy Rotating Aromatherapy Aviation Al Alloy Diffuser, Interior Decoration Accessories Diffuser for Car and Home (Silver)</p><p>$23.99</p><a href="https://www.amazon.com/dp/B0994PG1ZD?tag=eloabder-20&linkCode=osi&th=1&psc=1">View Product</a></div><div class="product"><a href="https://www.amazon.com/dp/B09ZTMZKSJ?tag=eloabder-20&linkCode=osi&th=1&psc=1"><img src="https://m.media-amazon.com/images/I/41rz5PydC9L._SL500_.jpg" alt="Product Image"></a><p>Air Freshener, Gigicloud Car Fragrance Diffuser Solar Rotating Automotive Air Fresheners Ornament Helicopter Shape Solid Aromatherapy Decoration for Car and Home (Black)</p><p>$15.49</p><a href="https://www.amazon.com/dp/B09ZTMZKSJ?tag=eloabder-20&linkCode=osi&th=1&psc=1">View Product</a></div><div class="product"><a href="https://www.amazon.com/dp/B0CWNNPCD3?tag=eloabder-20&linkCode=osi&th=1&psc=1"><img src="https://m.media-amazon.com/images/I/51nznnJJhfL._SL500_.jpg" alt="Product Image"></a><p>Car Air Freshener Diffuser, KaiDengZhe 1PCS Helicopter Solar Energy Rotating Aromatherapy Aviation Al Alloy Diffuser, Car Diffuser for Essential Oils, Relieve Stress and Purifie Odors for Car and Home</p><p>$15.99</p><a href="https://www.amazon.com/dp/B0CWNNPCD3?tag=eloabder-20&linkCode=osi&th=1&psc=1">View Product</a></div><div class="product"><a href="https://www.amazon.com/dp/B0B8T47G65?tag=eloabder-20&linkCode=osi&th=1&psc=1"><img src="https://m.media-amazon.com/images/I/41d6cgVheqL._SL500_.jpg" alt="Product Image"></a><p>Joyfunky Car Air Fresheners with Solar Rotating, Creative Car Perfume Decoration, Relieve Stress and Purifie Odors, Use at Car, office and Home, Silver</p><p>$12.99</p><a href="https://www.amazon.com/dp/B0B8T47G65?tag=eloabder-20&linkCode=osi&th=1&psc=1">View Product</a></div><div class="product"><a href="https://www.amazon.com/dp/B0D4ZHJVK8?tag=eloabder-20&linkCode=osi&th=1&psc=1"><img src="https://m.media-amazon.com/images/I/41sEhsjtb4L._SL500_.jpg" alt="Product Image"></a><p>NICEADA Helicopter Solar Car Air Freshener Refill Set, Solar Essential Oil Refill Perfume Oil for Car Air Fresheners(4 Packs)</p><p>$21.99 ($24.99 / Fl Oz)</p><a href="https://www.amazon.com/dp/B0D4ZHJVK8?tag=eloabder-20&linkCode=osi&th=1&psc=1">View Product</a></div><div class="product"><a href="https://www.amazon.com/dp/B0D251XW47?tag=eloabder-20&linkCode=osi&th=1&psc=1"><img src="https://m.media-amazon.com/images/I/41x6lmNq9fL._SL500_.jpg" alt="Product Image"></a><p>Helicopter Car Air Fresheners with Solar Rotating, Creative Car Perfume Decoration, Car Airplane Fragrance Diffuser for Car, Home, Office (Silver)</p><p>$13.09</p><a href="https://www.amazon.com/dp/B0D251XW47?tag=eloabder-20&linkCode=osi&th=1&psc=1">View Product</a></div>

<div class="product"><a href="https://www.amazon.com/dp/B0D4154TQG?tag=eloabder-20&linkCode=osi&th=1&psc=1"><img src="https://m.media-amazon.com/images/I/217Iw-nO3UL._SL500_.jpg" alt="Product Image"></a><p>RV Curtain Glide Tape A115, 1/2 Inch Glides Clear RV Curtain Strip Curtain Slide Tape 72 Inches Long Use with Ceiling or Wall Mount Curtain Track A201 A202 (2 Pack)</p><p>$17.99</p><a href="https://www.amazon.com/dp/B0D4154TQG?tag=eloabder-20&linkCode=osi&th=1&psc=1">View Product</a></div>
<div class="product"><a href="https://www.amazon.com/dp/B08W4PQN8L?tag=eloabder-20&linkCode=osi&th=1&psc=1"><img src="https://m.media-amazon.com/images/I/41udmrd6QTL._SL500_.jpg" alt="Product Image"></a><p>Hot Air Balloon Novelty Air Freshener for Car - Sandalwood Scented Automotive Accessory New Mexico Souvenir Gift (Pack of 4)</p><p>$7.99 ($2.00 / Count)</p><a href="https://www.amazon.com/dp/B08W4PQN8L?tag=eloabder-20&linkCode=osi&th=1&psc=1">View Product</a></div>















<div class="product"><a href="https://www.amazon.com/dp/B0CP87K2VD?tag=eloabder-20&linkCode=osi&th=1&psc=1"><img src="https://m.media-amazon.com/images/I/41dTH4OPkcL._SL500_.jpg" alt="Product Image"></a><p>For harley air cleaner filter Touring street glide road king electra tri trike Dyna Sportster XL 883 1200 Softail air intake (Drift style -Contrast Cut, C-For Touring 08-16, Softail 16-17)</p><p>$125.00</p><a href="https://www.amazon.com/dp/B0CP87K2VD?tag=eloabder-20&linkCode=osi&th=1&psc=1">View Product</a></div><div class="product"><a href="https://www.amazon.com/dp/B08DNLNY3G?tag=eloabder-20&linkCode=osi&th=1&psc=1"><img src="https://m.media-amazon.com/images/I/51baNj3o8CL._SL500_.jpg" alt="Product Image"></a><p>2963308 HD1508 Ultra Classic Air Filter Cleaner for 2008-2014 Harley Davidson Street Glide, Electra Glide, Road King, Road Glide Custom, Ultra Classic and other select models HD-1508</p><p>$21.99</p><a href="https://www.amazon.com/dp/B08DNLNY3G?tag=eloabder-20&linkCode=osi&th=1&psc=1">View Product</a></div><div class="product"><a href="https://www.amazon.com/dp/B0CQ2KKC3N?tag=eloabder-20&linkCode=osi&th=1&psc=1"><img src="https://m.media-amazon.com/images/I/31W2a0gAwIL._SL500_.jpg" alt="Product Image"></a><p>High-Flo Replacement Air Filter Element For Ventilator - Milwaukee-Eight Engine '18-later Softail and '17-later Touring and Trike Models Equipped with 114 Air Cleaner</p><p>$39.99</p><a href="https://www.amazon.com/dp/B0CQ2KKC3N?tag=eloabder-20&linkCode=osi&th=1&psc=1">View Product</a></div><div class="product"><a href="https://www.amazon.com/dp/B0CPJ5BSGM?tag=eloabder-20&linkCode=osi&th=1&psc=1"><img src="https://m.media-amazon.com/images/I/41cUadnGKpL._SL500_.jpg" alt="Product Image"></a><p>For harley air cleaner filter sportster street road glide king for harley davidson motorcycle air intake (Nake style -Black, A-For Sportster XL models)</p><p>$169.00</p><a href="https://www.amazon.com/dp/B0CPJ5BSGM?tag=eloabder-20&linkCode=osi&th=1&psc=1">View Product</a></div><div class="product"><a href="https://www.amazon.com/dp/B0CR17NS1M?tag=eloabder-20&linkCode=osi&th=1&psc=1"><img src="https://m.media-amazon.com/images/I/41n57oM0A-L._SL500_.jpg" alt="Product Image"></a><p>For harley air cleaner filter Sportster Softail Touring street road king glide Dyna for harley davidson air intake filters (Speed 7 style -gray filter, C-For Touring 08-16, Softail 16-17)</p><p>$89.00</p><a href="https://www.amazon.com/dp/B0CR17NS1M?tag=eloabder-20&linkCode=osi&th=1&psc=1">View Product</a></div><div class="product"><a href="https://www.amazon.com/dp/B0CR167HDN?tag=eloabder-20&linkCode=osi&th=1&psc=1"><img src="https://m.media-amazon.com/images/I/41o4byfzbRL._SL500_.jpg" alt="Product Image"></a><p>For harley davidson air cleaner filter sportster Touring street glide road king electra Dyna Softail motorcycle air intake (Chromed- gray filter, C-For Touring 2008-2016)</p><p>$99.00</p><a href="https://www.amazon.com/dp/B0CR167HDN?tag=eloabder-20&linkCode=osi&th=1&psc=1">View Product</a></div>







<div class="product"><a href="https://www.amazon.com/dp/B08WH8CWDM?tag=eloabder-20&linkCode=osi&th=1&psc=1"><img src="https://m.media-amazon.com/images/I/41Jj3ouB+1L._SL500_.jpg" alt="Product Image"></a><p>Glaze 'N Seal Color Enhancer Paver Sealer, 1 Gallon (923)</p><p>$62.99</p><a href="https://www.amazon.com/dp/B08WH8CWDM?tag=eloabder-20&linkCode=osi&th=1&psc=1">View Product</a></div>

<div class="product"><a href="https://www.amazon.com/dp/B0B58G8WRX?tag=eloabder-20&linkCode=osi&th=1&psc=1"><img src="https://m.media-amazon.com/images/I/41hjxJMTGJL._SL500_.jpg" alt="Product Image"></a><p>Solarhome Air Filter 333-D2696 333D2696 Compatible with JCB Backhoe Loader 3CX 4CX Telehandler 531-70</p><p>$34.50</p><a href="https://www.amazon.com/dp/B0B58G8WRX?tag=eloabder-20&linkCode=osi&th=1&psc=1">View Product</a></div>




<div class="product"><a href="https://www.amazon.com/dp/B07G7XG6BV?tag=eloabder-20&linkCode=osi&th=1&psc=1"><img src="https://m.media-amazon.com/images/I/510tZGutn6L._SL500_.jpg" alt="Product Image"></a><p>Holikme 6Pack Cleaning Brush Power Scrubber Cleaning Brush Extended Long Attachment Set All Purpose Scrub Brushes Kit for Grout, Floor, Tub, Shower, Tile, Bathroom,Car Cleaning Brush，Yellow</p><p>$6.95</p><a href="https://www.amazon.com/dp/B07G7XG6BV?tag=eloabder-20&linkCode=osi&th=1&psc=1">View Product</a></div>



<div class="product"><a href="https://www.amazon.com/dp/B000FW2NWQ?tag=eloabder-20&linkCode=osi&th=1&psc=1"><img src="https://m.media-amazon.com/images/I/31VlBDw7uDL._SL500_.jpg" alt="Product Image"></a><p>Performance Tool W233 12-Inch Long Reach Extension Scraper with 3pc Double Edged Plastic Razor Scraper Blades and 3pc Carbon Steel Razor Scraper Blades</p><p>$10.31</p><a href="https://www.amazon.com/dp/B000FW2NWQ?tag=eloabder-20&linkCode=osi&th=1&psc=1">View Product</a></div>
<div class="product"><a href="https://www.amazon.com/dp/B0BV2CQ5SW?tag=eloabder-20&linkCode=osi&th=1&psc=1"><img src="https://m.media-amazon.com/images/I/51VkTDjGg4L._SL500_.jpg" alt="Product Image"></a><p>Filterelated Mixed Bed Deionized Di Resin Filter Fill, Suitable For Spotless Car Wash System Filter Change, Tds Filter, Aquarium Filter, Deionized Car Wash,5 Liters</p><p>$49.99</p><a href="https://www.amazon.com/dp/B0BV2CQ5SW?tag=eloabder-20&linkCode=osi&th=1&psc=1">View Product</a></div><div class="product"><a href="https://www.amazon.com/dp/B01MRVQ9UE?tag=eloabder-20&linkCode=osi&th=1&psc=1"><img src="https://m.media-amazon.com/images/I/51+i6fjU6tL._SL500_.jpg" alt="Product Image"></a><p>Husqvarna XP Pre-Mixed Fuel and Engine Oil Quart (3 Pack),Blue</p><p>$32.99 ($0.34 / Count)</p><a href="https://www.amazon.com/dp/B01MRVQ9UE?tag=eloabder-20&linkCode=osi&th=1&psc=1">View Product</a></div>




<div class="product"><a href="https://www.amazon.com/dp/B01N2G2NEJ?tag=eloabder-20&linkCode=osi&th=1&psc=1"><img src="https://m.media-amazon.com/images/I/41-5g4zEDpL._SL500_.jpg" alt="Product Image"></a><p>Chemical Guys SPI10816 Heavy Duty Water Spot Remover, Safe for Cars, Trucks, Motorcycles, RVs & More, 16 fl oz</p><p>$17.97 ($1.12 / Fl Oz)</p><a href="https://www.amazon.com/dp/B01N2G2NEJ?tag=eloabder-20&linkCode=osi&th=1&psc=1">View Product</a></div>









<div class="product"><a href="https://www.amazon.com/dp/B08YRVH2QV?tag=eloabder-20&linkCode=osi&th=1&psc=1"><img src="https://m.media-amazon.com/images/I/5164O-Jr2QL._SL500_.jpg" alt="Product Image"></a><p>Thetford AquaMAX Summer Cypress Scent RV Holding Tank Treatment, Formaldehyde Free, Waste Digester, Septic Tank Safe, 5 Gallon Bottle (96754)</p><p>$248.18</p><a href="https://www.amazon.com/dp/B08YRVH2QV?tag=eloabder-20&linkCode=osi&th=1&psc=1">View Product</a></div><div class="product"><a href="https://www.amazon.com/dp/B0BPMW7485?tag=eloabder-20&linkCode=osi&th=1&psc=1"><img src="https://m.media-amazon.com/images/I/51WNuQeew7L._SL500_.jpg" alt="Product Image"></a><p>XFasten Butyl Tape Black 1/2” x 30’ x 1/8" Butyl Sealant Tape Headlight Sealant Putty Tape | Black Butyl Caulking Tape | Butyl Tape RV Putty Tape EPDM Automotive Butyl Rubber Window Sealant for RV</p><p>$13.99 ($0.47 / Foot)</p><a href="https://www.amazon.com/dp/B0BPMW7485?tag=eloabder-20&linkCode=osi&th=1&psc=1">View Product</a></div>
<div class="product"><a href="https://www.amazon.com/dp/B006DXWZQU?tag=eloabder-20&linkCode=osi&th=1&psc=1"><img src="https://m.media-amazon.com/images/I/41wtqfFFfQL._SL500_.jpg" alt="Product Image"></a><p>FRAM Ultra Synthetic Automotive Replacement Oil Filter, Designed for Synthetic Oil Changes Lasting up to 20k Miles, XG10575 with SureGrip (Pack of 1)</p><p>$10.79</p><a href="https://www.amazon.com/dp/B006DXWZQU?tag=eloabder-20&linkCode=osi&th=1&psc=1">View Product</a></div><div class="product"><a href="https://www.amazon.com/dp/B01LH7L0XA?tag=eloabder-20&linkCode=osi&th=1&psc=1"><img src="https://m.media-amazon.com/images/I/41yD3QmbyZL._SL500_.jpg" alt="Product Image"></a><p>Shell Rotella T4 Triple Protection Conventional 15W-40 Diesel Engine Oil (1-Gallon, Single Pack)</p><p>$15.98 ($0.12 / Fl Oz)</p><a href="https://www.amazon.com/dp/B01LH7L0XA?tag=eloabder-20&linkCode=osi&th=1&psc=1">View Product</a></div><div class="product"><a href="https://www.amazon.com/dp/B00ICSWGJ0?tag=eloabder-20&linkCode=osi&th=1&psc=1"><img src="https://m.media-amazon.com/images/I/41Ahz5dVc5L._SL500_.jpg" alt="Product Image"></a><p>Castrol Edge 5W-30 Advanced Full Synthetic Motor Oil, 5 Quarts</p><p>$24.72 ($0.15 / Fl Oz)</p><a href="https://www.amazon.com/dp/B00ICSWGJ0?tag=eloabder-20&linkCode=osi&th=1&psc=1">View Product</a></div><div class="product"><a href="https://www.amazon.com/dp/B01N8RPDT8?tag=eloabder-20&linkCode=osi&th=1&psc=1"><img src="https://m.media-amazon.com/images/I/41Qm+9e8sCL._SL500_.jpg" alt="Product Image"></a><p>Motorcraft - Oil - Engine (XO10W305Q3SD)</p><p>$32.27</p><a href="https://www.amazon.com/dp/B01N8RPDT8?tag=eloabder-20&linkCode=osi&th=1&psc=1">View Product</a></div>
<div class="product"><a href="https://www.amazon.com/dp/B07FTRZLM5?tag=eloabder-20&linkCode=osi&th=1&psc=1"><img src="https://m.media-amazon.com/images/I/416uoNYOsXL._SL500_.jpg" alt="Product Image"></a><p>Chemical Guys HOL126 14-Piece Arsenal Builder Car Wash Kit with Foam Gun, Bucket, and (5) 16 oz Car Care Cleaning Chemicals, Gift for Car & Truck Lovers, Dads and DIYers (Works w/Garden Hose)</p><p>$119.99</p><a href="https://www.amazon.com/dp/B07FTRZLM5?tag=eloabder-20&linkCode=osi&th=1&psc=1">View Product</a></div><div class="product"><a href="https://www.amazon.com/dp/B0741RL23Q?tag=eloabder-20&linkCode=osi&th=1&psc=1"><img src="https://m.media-amazon.com/images/I/410wwKZBYVL._SL500_.jpg" alt="Product Image"></a><p>Chemical Guys SPI220 Total Interior Cleaner and Protectant, Safe for Cars, Trucks, SUVs, Jeeps, Motorcycles, RVs & More, 128 fl oz (1 Gallon)</p><p>$54.99 ($0.43 / Fl Oz)</p><a href="https://www.amazon.com/dp/B0741RL23Q?tag=eloabder-20&linkCode=osi&th=1&psc=1">View Product</a></div><div class="product"><a href="https://www.amazon.com/dp/B002J7VX4Y?tag=eloabder-20&linkCode=osi&th=1&psc=1"><img src="https://m.media-amazon.com/images/I/41oijnffQ0L._SL500_.jpg" alt="Product Image"></a><p>Chemical Guys AIR_101_16 New Car Smell Premium Air Freshener and Odor Eliminator, Long-Lasting Scent, Great for Cars, Trucks, SUVs, RVs & More, 16 fl oz</p><p>$10.99 ($0.69 / Fl Oz)</p><a href="https://www.amazon.com/dp/B002J7VX4Y?tag=eloabder-20&linkCode=osi&th=1&psc=1">View Product</a></div><div class="product"><a href="https://www.amazon.com/dp/B077TPG55M?tag=eloabder-20&linkCode=osi&th=1&psc=1"><img src="https://m.media-amazon.com/images/I/51aYksYRthL._SL500_.jpg" alt="Product Image"></a><p>Chemical Guys CWS20264 Tough Mudder Foaming Truck, Off Road, ATV and RV Heavy Duty Wash Soap,(Works with Foam Cannons, Foam Guns or Bucket Washes), 64 fl oz (Half Gallon), Lemon Scent</p><p>$39.99 ($0.62 / Fl Oz)</p><a href="https://www.amazon.com/dp/B077TPG55M?tag=eloabder-20&linkCode=osi&th=1&psc=1">View Product</a></div><div class="product"><a href="https://www.amazon.com/dp/B00BJCAPEE?tag=eloabder-20&linkCode=osi&th=1&psc=1"><img src="https://m.media-amazon.com/images/I/416RIPKVW1L._SL500_.jpg" alt="Product Image"></a><p>Chemical Guys CWS_402 Mr. Pink Foaming Car Wash Soap (Works with Foam Cannons, Foam Guns or Bucket Washes) Safe for Cars, Trucks, Motorcycles, RVs & More, 128 fl oz, Candy Scent</p><p>$39.99 ($0.31 / Fl Oz)</p><a href="https://www.amazon.com/dp/B00BJCAPEE?tag=eloabder-20&linkCode=osi&th=1&psc=1">View Product</a></div><div class="product"><a href="https://www.amazon.com/dp/B01C6AISUK?tag=eloabder-20&linkCode=osi&th=1&psc=1"><img src="https://m.media-amazon.com/images/I/41FrDCDPB6S._SL500_.jpg" alt="Product Image"></a><p>Chemical Guys CLD_700_16 Mat Renew Rubber + Vinyl Floor Mat Cleaner And Protectant, Safe for Cars, Trucks, SUVs, Motorcycles, RVs & More, 16 fl oz</p><p>$10.99 ($0.69 / Fl Oz)</p><a href="https://www.amazon.com/dp/B01C6AISUK?tag=eloabder-20&linkCode=osi&th=1&psc=1">View Product</a></div><div class="product"><a href="https://www.amazon.com/dp/B01N76S0A7?tag=eloabder-20&linkCode=osi&th=1&psc=1"><img src="https://m.media-amazon.com/images/I/51jurhYPCgL._SL500_.jpg" alt="Product Image"></a><p>Chemical Guys HOL131 Premium Chenille Microfiber Car Wash Mop and Heavy Duty Extendable Pole Kit (Great for RVs, Trucks, SUVs, Jeeps & Large Vehicles), With Mr. Pink Foaming Car Wash Soap - 4 fl oz</p><p>$49.99</p><a href="https://www.amazon.com/dp/B01N76S0A7?tag=eloabder-20&linkCode=osi&th=1&psc=1">View Product</a></div><div class="product"><a href="https://www.amazon.com/dp/B009OTW646?tag=eloabder-20&linkCode=osi&th=1&psc=1"><img src="https://m.media-amazon.com/images/I/41lG36UqLBL._SL500_.jpg" alt="Product Image"></a><p>Chemical Guys CWS 110 Honeydew Snow Foam Car Wash Soap (Works with Foam Cannons, Guns or Bucket Washes) Safe for Trucks, Motorcycles, RVs & More, 128 fl oz (1 Gallon), Honeydew Scent</p><p>$39.99 ($0.31 / Fl Oz)</p><a href="https://www.amazon.com/dp/B009OTW646?tag=eloabder-20&linkCode=osi&th=1&psc=1">View Product</a></div><div class="product"><a href="https://www.amazon.com/dp/B08P54Z2C2?tag=eloabder-20&linkCode=osi&th=1&psc=1"><img src="https://m.media-amazon.com/images/I/41Ra65iS2OL._SL500_.jpg" alt="Product Image"></a><p>Chemical Guys WAC23316 HydroSpeed Ceramic Quick Detailer, Safe for Cars, Trucks, SUVs, Motorcycles, RVs & More, 16 fl oz</p><p>$24.99</p><a href="https://www.amazon.com/dp/B08P54Z2C2?tag=eloabder-20&linkCode=osi&th=1&psc=1">View Product</a></div>
<div class="product"><a href="https://www.amazon.com/dp/B0C7WLPQC7?tag=eloabder-20&linkCode=osi&th=1&psc=1"><img src="https://m.media-amazon.com/images/I/41hJeSxsSWL._SL500_.jpg" alt="Product Image"></a><p>Detail King Car Odor Removal - Chlorine Dioxide Cup - Extreme Odor Eliminator For Car - Safe And Easy To Use (3 Oz (Pack of 1) - Plastic)</p><p>$24.95 ($8.32 / Ounce)</p><a href="https://www.amazon.com/dp/B0C7WLPQC7?tag=eloabder-20&linkCode=osi&th=1&psc=1">View Product</a></div>

<div class="product"><a href="https://www.amazon.com/dp/B0052XFWCG?tag=eloabder-20&linkCode=osi&th=1&psc=1"><img src="https://m.media-amazon.com/images/I/41qajeJVXLL._SL500_.jpg" alt="Product Image"></a><p>Hot Shot's Secret HSS64Z Original Stiction Eliminator 64 Fluid Ounce Bottle, Green</p><p>$53.45 ($0.84 / Fl Oz)</p><a href="https://www.amazon.com/dp/B0052XFWCG?tag=eloabder-20&linkCode=osi&th=1&psc=1">View Product</a></div><div class="product"><a href="https://www.amazon.com/dp/B009M64CAW?tag=eloabder-20&linkCode=osi&th=1&psc=1"><img src="https://m.media-amazon.com/images/I/417D8X0nkBL._SL500_.jpg" alt="Product Image"></a><p>Lucas Oil 10679 Hot Rod & Classic Car SAE 10W-30 Motor Oil - 5 Quart</p><p>$38.50 ($0.24 / Fl Oz)</p><a href="https://www.amazon.com/dp/B009M64CAW?tag=eloabder-20&linkCode=osi&th=1&psc=1">View Product</a></div><div class="product"><a href="https://www.amazon.com/dp/B01L9ARY9O?tag=eloabder-20&linkCode=osi&th=1&psc=1"><img src="https://m.media-amazon.com/images/I/51yaZAYH75L._SL500_.jpg" alt="Product Image"></a><p>FPPF Chemical Co 00161 16 OZ HOT 4-in-1 Heating Oil Treatment (2 Bottles)</p><p>$26.42</p><a href="https://www.amazon.com/dp/B01L9ARY9O?tag=eloabder-20&linkCode=osi&th=1&psc=1">View Product</a></div><div class="product"><a href="https://www.amazon.com/dp/B009M64CUM?tag=eloabder-20&linkCode=osi&th=1&psc=1"><img src="https://m.media-amazon.com/images/I/41yiWaF8YQL._SL500_.jpg" alt="Product Image"></a><p>Lucas Oil 10683 Hot Rod & Classic Car SAE 10W-40 Motor Oil - 5 Quart</p><p>$43.24 ($0.27 / Fl Oz)</p><a href="https://www.amazon.com/dp/B009M64CUM?tag=eloabder-20&linkCode=osi&th=1&psc=1">View Product</a></div><div class="product"><a href="https://www.amazon.com/dp/B0973HNRH9?tag=eloabder-20&linkCode=osi&th=1&psc=1"><img src="https://m.media-amazon.com/images/I/41kyGGJa--L._SL500_.jpg" alt="Product Image"></a><p>Hot Shot's Secret FR3 Friction Reducer 64 Fluid Ounce 2 Quarts, Light Yellow Liquid, (HSSFR364Z)</p><p>$59.73 ($0.93 / Fl Oz)</p><a href="https://www.amazon.com/dp/B0973HNRH9?tag=eloabder-20&linkCode=osi&th=1&psc=1">View Product</a></div><div class="product"><a href="https://www.amazon.com/dp/B082YFQQ25?tag=eloabder-20&linkCode=osi&th=1&psc=1"><img src="https://m.media-amazon.com/images/I/511PTX7LlZL._SL500_.jpg" alt="Product Image"></a><p>Hot Shot's Secret Green Diamond 100 Percent Synthetic 15W40 Oil Diesel 1 Gallon</p><p>$39.99 ($0.31 / Fl Oz)</p><a href="https://www.amazon.com/dp/B082YFQQ25?tag=eloabder-20&linkCode=osi&th=1&psc=1">View Product</a></div>















<div class="product"><a href="https://www.amazon.com/dp/B08PTMXCJL?tag=eloabder-20&linkCode=osi&th=1&psc=1"><img src="https://m.media-amazon.com/images/I/410eJv-7UHL._SL500_.jpg" alt="Product Image"></a><p>Moly Grease | 3% Molybdenum Disulfide | Fifth Wheel | 5th | Automotive | Tractor | Axle | Spline | CV Joint | Lithium EP Grease | High Temp | 35 LB Pail Bucket | Black Moly | NLGI 2 | HeavyDuty Moly</p><p>$174.99 ($0.31 / Ounce)</p><a href="https://www.amazon.com/dp/B08PTMXCJL?tag=eloabder-20&linkCode=osi&th=1&psc=1">View Product</a></div><div class="product"><a href="https://www.amazon.com/dp/B08PTHJTK5?tag=eloabder-20&linkCode=osi&th=1&psc=1"><img src="https://m.media-amazon.com/images/I/41VdMjJ38aL._SL500_.jpg" alt="Product Image"></a><p>Wheel Bearing Grease Pail | Lithium Complex | High Temp EP | CV Joint | Axle | Automotive | Tractor | Truck | Ball Joint | Marine Boat | Gear | Heavy Duty | Blue | 35 LB Bucket | NLGI 2 | MultiPurpose</p><p>$167.99 ($0.30 / Ounce)</p><a href="https://www.amazon.com/dp/B08PTHJTK5?tag=eloabder-20&linkCode=osi&th=1&psc=1">View Product</a></div><div class="product"><a href="https://www.amazon.com/dp/B0013J1UA6?tag=eloabder-20&linkCode=osi&th=1&psc=1"><img src="https://m.media-amazon.com/images/I/41G0Fkf7KnL._SL500_.jpg" alt="Product Image"></a><p>CRC Food Grade Chain Lube 03055 – 12 Wt. Oz. Aerosol, NSF H1 Gear, Chain, and Wire Lubricant</p><p>$19.25 ($1.60 / Ounce)</p><a href="https://www.amazon.com/dp/B0013J1UA6?tag=eloabder-20&linkCode=osi&th=1&psc=1">View Product</a></div>





<div class="product"><a href="https://www.amazon.com/dp/B08GQ9G2V5?tag=eloabder-20&linkCode=osi&th=1&psc=1"><img src="https://m.media-amazon.com/images/I/511+rapOlWL._SL500_.jpg" alt="Product Image"></a><p>Armor All Car Air Freshener and Purifier, Car Odor Eliminator, 1.5 Ounce (Pack of 3)</p><p>$21.21 ($4.71 / Ounce)</p><a href="https://www.amazon.com/dp/B08GQ9G2V5?tag=eloabder-20&linkCode=osi&th=1&psc=1">View Product</a></div>







<div class="product"><a href="https://www.amazon.com/dp/B001229JCU?tag=eloabder-20&linkCode=osi&th=1&psc=1"><img src="https://m.media-amazon.com/images/I/31W6FuKPMcL._SL500_.jpg" alt="Product Image"></a><p>First Alert EZ Fire Spray, Extinguishing Aerosol Spray, AF400 Red 18 Ounce (Pack of 1)</p><p>$12.49</p><a href="https://www.amazon.com/dp/B001229JCU?tag=eloabder-20&linkCode=osi&th=1&psc=1">View Product</a></div><div class="product"><a href="https://www.amazon.com/dp/B002U0KGDY?tag=eloabder-20&linkCode=osi&th=1&psc=1"><img src="https://m.media-amazon.com/images/I/51p6R+mcRhL._SL500_.jpg" alt="Product Image"></a><p>First Alert EZ Fire Spray, Extinguishing Aerosol Spray, Pack of 2, AF400-2, RED</p><p>$27.02</p><a href="https://www.amazon.com/dp/B002U0KGDY?tag=eloabder-20&linkCode=osi&th=1&psc=1">View Product</a></div>
<div class="product"><a href="https://www.amazon.com/dp/B0088LVBUQ?tag=eloabder-20&linkCode=osi&th=1&psc=1"><img src="https://m.media-amazon.com/images/I/31h7l-l6u2L._SL500_.jpg" alt="Product Image"></a><p>Seymour EN-59 Hi-Tech Engine Spray Paint, General Motors Red</p><p>$9.08 ($0.76 / Ounce)</p><a href="https://www.amazon.com/dp/B0088LVBUQ?tag=eloabder-20&linkCode=osi&th=1&psc=1">View Product</a></div>




<div class="product"><a href="https://www.amazon.com/dp/B000HBNU9K?tag=eloabder-20&linkCode=osi&th=1&psc=1"><img src="https://m.media-amazon.com/images/I/41URzfKaVsL._SL500_.jpg" alt="Product Image"></a><p>Permatex 27828 Body Shop Heavy Duty Headliner Adhesive, High-Strength Spray Adhesive, Repair Detached Or Loose Interior Parts, Dries Clear, Aerosol Can, 16.75 Oz</p><p>$17.05 ($1.02 / Ounce)</p><a href="https://www.amazon.com/dp/B000HBNU9K?tag=eloabder-20&linkCode=osi&th=1&psc=1">View Product</a></div><div class="product"><a href="https://www.amazon.com/dp/B001VXXEXU?tag=eloabder-20&linkCode=osi&th=1&psc=1"><img src="https://m.media-amazon.com/images/I/5112onMwzaL._SL500_.jpg" alt="Product Image"></a><p>Vibra-TITE 213 Red VC-3 Original Threadmate, 250ml Can</p><p>$99.19</p><a href="https://www.amazon.com/dp/B001VXXEXU?tag=eloabder-20&linkCode=osi&th=1&psc=1">View Product</a></div><div class="product"><a href="https://www.amazon.com/dp/B0CWPSLTR1?tag=eloabder-20&linkCode=osi&th=1&psc=1"><img src="https://m.media-amazon.com/images/I/31ytleZjjaL._SL500_.jpg" alt="Product Image"></a><p>P & S PROFESSIONAL DETAIL PRODUCTS - Terminator Enzyme Spot and Stain Remover - Perfect for Deodorizing, Removing Embedded Soils, Grease, Dirt, and Protein-Based Stains; Fresh Scent (1 Quart)</p><p>$25.95 ($0.81 / Fl Oz)</p><a href="https://www.amazon.com/dp/B0CWPSLTR1?tag=eloabder-20&linkCode=osi&th=1&psc=1">View Product</a></div><div class="product"><a href="https://www.amazon.com/dp/B07GFNQL9H?tag=eloabder-20&linkCode=osi&th=1&psc=1"><img src="https://m.media-amazon.com/images/I/41AA3Nbt8OL._SL500_.jpg" alt="Product Image"></a><p>Gunk FEB1 Foamy Engine Brite Engine Cleaner - 17oz. 2 Pack</p><p>$17.95 ($0.53 / Ounce)</p><a href="https://www.amazon.com/dp/B07GFNQL9H?tag=eloabder-20&linkCode=osi&th=1&psc=1">View Product</a></div>



<div class="product"><a href="https://www.amazon.com/dp/B003SKCARK?tag=eloabder-20&linkCode=osi&th=1&psc=1"><img src="https://m.media-amazon.com/images/I/41rvU5irgRL._SL500_.jpg" alt="Product Image"></a><p>Obenauf's Heavy Duty LP Leather Preservative (4oz)- All Natural Beeswax Oil Conditioner- Rejuvenate Restore & Preserve Sunfaded or Cracked Boots Jackets Saddles Car Auto Upholstery Furniture- USA Made</p><p>$15.99</p><a href="https://www.amazon.com/dp/B003SKCARK?tag=eloabder-20&linkCode=osi&th=1&psc=1">View Product</a></div>
Aucun résultat trouvé.

<div class="product"><a href="https://www.amazon.com/dp/B0CLWDDWHX?tag=eloabder-20&linkCode=osi&th=1&psc=1"><img src="https://m.media-amazon.com/images/I/51HPMtia03L._SL500_.jpg" alt="Product Image"></a><p>Fire Fix Fire Extinguisher for Home 5-Pack | Made in USA | Emergency Fire Spray Foam for Apartment, Boat, Camping, Car, House, Kitchen & Vehicle | Safety & Survival | Compact, Small, Safe & Easy Use</p><p>$56.95</p><a href="https://www.amazon.com/dp/B0CLWDDWHX?tag=eloabder-20&linkCode=osi&th=1&psc=1">View Product</a></div><div class="product"><a href="https://www.amazon.com/dp/B0CKZF9H3D?tag=eloabder-20&linkCode=osi&th=1&psc=1"><img src="https://m.media-amazon.com/images/I/41+Q4YdByuL._SL500_.jpg" alt="Product Image"></a><p>Firexo All Fires Fire Extinguisher - Multipurpose Mini Aerosol - Pack of 6 - Home, Kitchen, Car, Garage, Boat, Caravan, Camping Household, ABC, Vehicle, Compact, RV, Emergency Equipment (0.1 Gal)</p><p>$139.99</p><a href="https://www.amazon.com/dp/B0CKZF9H3D?tag=eloabder-20&linkCode=osi&th=1&psc=1">View Product</a></div>
Aucun résultat trouvé.
Aucun résultat trouvé.






<div class="product"><a href="https://www.amazon.com/dp/B00FOKOKMU?tag=eloabder-20&linkCode=osi&th=1&psc=1"><img src="https://m.media-amazon.com/images/I/41KsUW-6WOL._SL500_.jpg" alt="Product Image"></a><p>The Original Leather Recoloring Balm by Furniture Clinic - 16 Colors - Leather Repair Kit for Furniture - Restore Couches, Car Seats & More - Leather Dye for Scratched and Faded Leather (Beige)</p><p>$29.95</p><a href="https://www.amazon.com/dp/B00FOKOKMU?tag=eloabder-20&linkCode=osi&th=1&psc=1">View Product</a></div>


<div class="product"><a href="https://www.amazon.com/dp/B0BQX6CPLS?tag=eloabder-20&linkCode=osi&th=1&psc=1"><img src="https://m.media-amazon.com/images/I/51OtuHOIJpL._SL500_.jpg" alt="Product Image"></a><p>Dry Stop Fire Spray by Prepared Hero - 8 Pack - Portable Fire Extinguisher for Home, Car, Garage, Kitchen - Works on Electrical, Grease, Battery Fires & More - Compact, Easy to Use</p><p>$143.99</p><a href="https://www.amazon.com/dp/B0BQX6CPLS?tag=eloabder-20&linkCode=osi&th=1&psc=1">View Product</a></div><div class="product"><a href="https://www.amazon.com/dp/B0BQX76B9K?tag=eloabder-20&linkCode=osi&th=1&psc=1"><img src="https://m.media-amazon.com/images/I/51iHCSuHw5L._SL500_.jpg" alt="Product Image"></a><p>Vapor Clean Fire Spray by Prepared Hero - 8 Pack - Portable Fire Extinguisher for Home, Car, Garage, Kitchen - Works on Electrical, Grease, Battery Fires & More - Compact, Easy to Use</p><p>$143.99</p><a href="https://www.amazon.com/dp/B0BQX76B9K?tag=eloabder-20&linkCode=osi&th=1&psc=1">View Product</a></div><div class="product"><a href="https://www.amazon.com/dp/B0C32NVZJZ?tag=eloabder-20&linkCode=osi&th=1&psc=1"><img src="https://m.media-amazon.com/images/I/61coxTM3mSL._SL500_.jpg" alt="Product Image"></a><p>Houandg Water-Based Fire Extinguisher- 2 Pack Portable Solution for All Fire Types in Homes, Vehicles, Kitchens - Prevents Re-Ignition</p><p>$33.98</p><a href="https://www.amazon.com/dp/B0C32NVZJZ?tag=eloabder-20&linkCode=osi&th=1&psc=1">View Product</a></div>
<div class="product"><a href="https://www.amazon.com/dp/B00L3W1OAO?tag=eloabder-20&linkCode=osi&th=1&psc=1"><img src="https://m.media-amazon.com/images/I/414uILMLuaL._SL500_.jpg" alt="Product Image"></a><p>Pro F/X Rubber Mask Grease Wheel - 1 Ounce - Trauma</p><p>$27.01</p><a href="https://www.amazon.com/dp/B00L3W1OAO?tag=eloabder-20&linkCode=osi&th=1&psc=1">View Product</a></div>
<div class="product"><a href="https://www.amazon.com/dp/B0CZ16SHCH?tag=eloabder-20&linkCode=osi&th=1&psc=1"><img src="https://m.media-amazon.com/images/I/31pYxaz4gYL._SL500_.jpg" alt="Product Image"></a><p>P & S PROFESSIONAL DETAIL PRODUCTS - Rehab - Paint Correction Creme Safe for All Paint Types and with Multiple pad Types - Easy-to-use-Formula Works at Any Stage of Paint Correction - 1 Quart</p><p>$56.95</p><a href="https://www.amazon.com/dp/B0CZ16SHCH?tag=eloabder-20&linkCode=osi&th=1&psc=1">View Product</a></div><div class="product"><a href="https://www.amazon.com/dp/B082BG8HLX?tag=eloabder-20&linkCode=osi&th=1&psc=1"><img src="https://m.media-amazon.com/images/I/31OAXbv7QFL._SL500_.jpg" alt="Product Image"></a><p>Lithium Auto Elixirs Color Crush- A rather intense approach to an Instant Detailer, Infused with color enhancing technology - Extremely Hydrophobic ingredients, long lasting Instant Detailer</p><p>$19.95 ($1.25 / Fl Oz)</p><a href="https://www.amazon.com/dp/B082BG8HLX?tag=eloabder-20&linkCode=osi&th=1&psc=1">View Product</a></div><div class="product"><a href="https://www.amazon.com/dp/B07MTPWZ76?tag=eloabder-20&linkCode=osi&th=1&psc=1"><img src="https://m.media-amazon.com/images/I/41v5yubrqoL._SL500_.jpg" alt="Product Image"></a><p>Lithium Seal and Squeal Paint Sealant/Polish - Incredible Shine and Lasting Protection - Curable Amino Functional Polymers Fused with Si02 Ceramic Nano Technology -Lasts for up to 12 Months (16 oz)</p><p>$39.99 ($2.50 / Ounce)</p><a href="https://www.amazon.com/dp/B07MTPWZ76?tag=eloabder-20&linkCode=osi&th=1&psc=1">View Product</a></div><div class="product"><a href="https://www.amazon.com/dp/B07MVNX377?tag=eloabder-20&linkCode=osi&th=1&psc=1"><img src="https://m.media-amazon.com/images/I/31gEqFf7rhL._SL500_.jpg" alt="Product Image"></a><p>Leather Love - The Best Leather Conditioner On The Planet, Brings Old Leather Back To Life, All Natural Ingredients Mixed With Serious Science, Restores, Rehydrates, Protects (8oz)</p><p>$28.99 ($3.62 / Ounce)</p><a href="https://www.amazon.com/dp/B07MVNX377?tag=eloabder-20&linkCode=osi&th=1&psc=1">View Product</a></div><div class="product"><a href="https://www.amazon.com/dp/B07MTQP514?tag=eloabder-20&linkCode=osi&th=1&psc=1"><img src="https://m.media-amazon.com/images/I/311IYwH-oaL._SL500_.jpg" alt="Product Image"></a><p>Trim Serum- Plastic Restorer- Restores Even the Most Damaged Plastic, Rubber and Vinyl, Last For Months, Penetrates Plastic Pores Restoring Color. (16 Oz)</p><p>$36.99</p><a href="https://www.amazon.com/dp/B07MTQP514?tag=eloabder-20&linkCode=osi&th=1&psc=1">View Product</a></div><div class="product"><a href="https://www.amazon.com/dp/B07236X7TS?tag=eloabder-20&linkCode=osi&th=1&psc=1"><img src="https://m.media-amazon.com/images/I/51-mgxYD9kL._SL500_.jpg" alt="Product Image"></a><p>Skidmore's Biker Edition Leather Cream | All Natural Formula Cleans, Conditions, and Protects your Motorcycle | Made in USA</p><p>$44.98</p><a href="https://www.amazon.com/dp/B07236X7TS?tag=eloabder-20&linkCode=osi&th=1&psc=1">View Product</a></div><div class="product"><a href="https://www.amazon.com/dp/B001CS6HH4?tag=eloabder-20&linkCode=osi&th=1&psc=1"><img src="https://m.media-amazon.com/images/I/41wY0SB+DWL._SL500_.jpg" alt="Product Image"></a><p>Fiebing's Yellow Saddle Soap for Leather (3.5 oz Tin) - Leather Cleaner & Conditioner to Soften, Protect & Restore Leathercraft - Leather Soap for Car Seat, Couch, Shoe, Purse, Boot, Bag, & Saddles</p><p>$7.15 ($2.04 / Ounce)</p><a href="https://www.amazon.com/dp/B001CS6HH4?tag=eloabder-20&linkCode=osi&th=1&psc=1">View Product</a></div><div class="product"><a href="https://www.amazon.com/dp/B08RHZ1BKD?tag=eloabder-20&linkCode=osi&th=1&psc=1"><img src="https://m.media-amazon.com/images/I/21WKh31c4tL._SL500_.jpg" alt="Product Image"></a><p>Lithium Ignite After Wash - Conditions and Shines Surfaces as You Dry. Streak-Free Hydrophobic Formula adds Lubrication to Stop Micro Scratching While Surfaces pop with Color.</p><p>$21.99 ($1.37 / Fl Oz)</p><a href="https://www.amazon.com/dp/B08RHZ1BKD?tag=eloabder-20&linkCode=osi&th=1&psc=1">View Product</a></div><div class="product"><a href="https://www.amazon.com/dp/B0003A1T3E?tag=eloabder-20&linkCode=osi&th=1&psc=1"><img src="https://m.media-amazon.com/images/I/41042PKJ1ZL._SL500_.jpg" alt="Product Image"></a><p>URAD One step All-In-One Leather conditioner 140g - NEUTRAL</p><p>$16.13</p><a href="https://www.amazon.com/dp/B0003A1T3E?tag=eloabder-20&linkCode=osi&th=1&psc=1">View Product</a></div>

<div class="product"><a href="https://www.amazon.com/dp/B0B3NFH3QY?tag=eloabder-20&linkCode=osi&th=1&psc=1"><img src="https://m.media-amazon.com/images/I/51sKVZnP-WL._SL500_.jpg" alt="Product Image"></a><p>Little Joe 96427-6PK I Love Hockey New Car Scent Red Car Air Freshener A/C Vent Clip Uses Alcohol-Free Fragrance Oil is Non-Hazardous and Non-Toxic Plastic, Pack of 6</p><p>$21.99 ($3.66 / Count)</p><a href="https://www.amazon.com/dp/B0B3NFH3QY?tag=eloabder-20&linkCode=osi&th=1&psc=1">View Product</a></div><div class="product"><a href="https://www.amazon.com/dp/B072275K82?tag=eloabder-20&linkCode=osi&th=1&psc=1"><img src="https://m.media-amazon.com/images/I/41wDnF6SiAL._SL500_.jpg" alt="Product Image"></a><p>Little Joe 96404-6PK Fruit Scent, Car Air Freshener, Clips to A/C Air Vent, Alcohol-Free Fragrance Oil, Non-Hazardous and Non-Toxic Plastic, Set of 6</p><p>$16.60 ($2.77 / Count)</p><a href="https://www.amazon.com/dp/B072275K82?tag=eloabder-20&linkCode=osi&th=1&psc=1">View Product</a></div><div class="product"><a href="https://www.amazon.com/dp/B0CQPQ2S4W?tag=eloabder-20&linkCode=osi&th=1&psc=1"><img src="https://m.media-amazon.com/images/I/31iRknmvjeL._SL500_.jpg" alt="Product Image"></a><p>Little Pup 96613 Blue Raspberry Slushy Scent Car Air Freshener A/C Vent Clip Uses Alcohol-Free Fragrance Oil is Non Hazardous and Non Toxic, Pack of 1</p><p>$3.94</p><a href="https://www.amazon.com/dp/B0CQPQ2S4W?tag=eloabder-20&linkCode=osi&th=1&psc=1">View Product</a></div><div class="product"><a href="https://www.amazon.com/dp/B0CQPNMTM4?tag=eloabder-20&linkCode=osi&th=1&psc=1"><img src="https://m.media-amazon.com/images/I/41eEovL+zML._SL500_.jpg" alt="Product Image"></a><p>Little Joe 96414-6PK Orange Creamsicle Scent Car Air Freshener A/C Vent Clip Uses Alcohol-Free Fragrance Oil is Non-Hazardous and Non-Toxic Plastic, Pack of 6</p><p>$25.99 ($4.33 / Count)</p><a href="https://www.amazon.com/dp/B0CQPNMTM4?tag=eloabder-20&linkCode=osi&th=1&psc=1">View Product</a></div><div class="product"><a href="https://www.amazon.com/dp/B0CH9KNNZN?tag=eloabder-20&linkCode=osi&th=1&psc=1"><img src="https://m.media-amazon.com/images/I/41jX66PGMTL._SL500_.jpg" alt="Product Image"></a><p>TAKAVU Clay Bars Auto Detailing 2 Pack X 100g, Premium Grade Material, Magic Clay Bar Cleaner for Cars, RV, Boat and Bus (Grey)</p><p>$9.99</p><a href="https://www.amazon.com/dp/B0CH9KNNZN?tag=eloabder-20&linkCode=osi&th=1&psc=1">View Product</a></div>

<div class="product"><a href="https://www.amazon.com/dp/B004UM6DLE?tag=eloabder-20&linkCode=osi&th=1&psc=1"><img src="https://m.media-amazon.com/images/I/314nawyx6sL._SL500_.jpg" alt="Product Image"></a><p>CARPRO IronX Iron Remover: Stops Rust Spots and Pre-Mature Failure of The Clear Coat, Iron Contaminant Removal - 500mL with Sprayer (17oz)</p><p>$26.78</p><a href="https://www.amazon.com/dp/B004UM6DLE?tag=eloabder-20&linkCode=osi&th=1&psc=1">View Product</a></div><div class="product"><a href="https://www.amazon.com/dp/B01HXZXO98?tag=eloabder-20&linkCode=osi&th=1&psc=1"><img src="https://m.media-amazon.com/images/I/41Ne9OfQGzL._SL500_.jpg" alt="Product Image"></a><p>Chemical Guys CWS80316 Clean Slate Deep Surface Cleaning Car Wash Soap (Removes Old Car Waxes, Glazes & Sealants for Superior Surface Prep), 16 fl oz, Citrus Scent</p><p>$11.99 ($0.75 / Fl Oz)</p><a href="https://www.amazon.com/dp/B01HXZXO98?tag=eloabder-20&linkCode=osi&th=1&psc=1">View Product</a></div><div class="product"><a href="https://www.amazon.com/dp/B07C39H9YX?tag=eloabder-20&linkCode=osi&th=1&psc=1"><img src="https://m.media-amazon.com/images/I/31yK3Vb5xWL._SL500_.jpg" alt="Product Image"></a><p>Adam's Polishes Iron Remover (16oz) - Iron Out Fallout Rust Remover Spray for Car Detailing | Remove Iron Particles in Car Paint, Motorcycle, RV & Boat | Use Before Clay Bar, Car Wax or Car Wash</p><p>$16.99</p><a href="https://www.amazon.com/dp/B07C39H9YX?tag=eloabder-20&linkCode=osi&th=1&psc=1">View Product</a></div><div class="product"><a href="https://www.amazon.com/dp/B0BTJ9DJM5?tag=eloabder-20&linkCode=osi&th=1&psc=1"><img src="https://m.media-amazon.com/images/I/41tNMqlDrxL._SL500_.jpg" alt="Product Image"></a><p>Torque Detail Decon Wash Pack - Decontamination Soap 8oz + Wash Mitt - Surface Strip Wash Car Shampoo - Highly Absorbent Microfiber Chenille Car Wash Mitt Safely Cleans Your Vehicles Entire Surface</p><p>$24.95 ($3.12 / Fl Oz)</p><a href="https://www.amazon.com/dp/B0BTJ9DJM5?tag=eloabder-20&linkCode=osi&th=1&psc=1">View Product</a></div><div class="product"><a href="https://www.amazon.com/dp/B013K5V9PQ?tag=eloabder-20&linkCode=osi&th=1&psc=1"><img src="https://m.media-amazon.com/images/I/41V3rm6NlZL._SL500_.jpg" alt="Product Image"></a><p>CARPRO PolyShave Decon Towel - Car Detailing Clay Decontamination Faster than Clay Bar, Clean & Release of Paint Contaminants and Glass - Increase Wax and Sealant Bond - 12" x 12" (1 Pack)</p><p>$39.97</p><a href="https://www.amazon.com/dp/B013K5V9PQ?tag=eloabder-20&linkCode=osi&th=1&psc=1">View Product</a></div><div class="product"><a href="https://www.amazon.com/dp/B0B788NBWG?tag=eloabder-20&linkCode=osi&th=1&psc=1"><img src="https://m.media-amazon.com/images/I/51NDfAOuEmL._SL500_.jpg" alt="Product Image"></a><p>P & S Professional Detail Products - Clay Decontamination Towel - Effective Cleaning & Release of Paint Contaminants; Increase Wax & Sealant Bond; Enhance Gloss & Depth of Color; Fine Grade-12" x 12"</p><p>$34.95</p><a href="https://www.amazon.com/dp/B0B788NBWG?tag=eloabder-20&linkCode=osi&th=1&psc=1">View Product</a></div><div class="product"><a href="https://www.amazon.com/dp/B0B27TFK69?tag=eloabder-20&linkCode=osi&th=1&psc=1"><img src="https://m.media-amazon.com/images/I/41zJPQIcqeL._SL500_.jpg" alt="Product Image"></a><p>The Rag Company - Ultra Clay Decontamination Mitt - Easy to Use; Effective Cleaning & Release of Paint Contaminants; Increase Wax & Sealant Bond; Enhance Gloss &Color Depth; Fine Grade (8.7"x5.7")</p><p>$34.95</p><a href="https://www.amazon.com/dp/B0B27TFK69?tag=eloabder-20&linkCode=osi&th=1&psc=1">View Product</a></div><div class="product"><a href="https://www.amazon.com/dp/B0C6XBN14N?tag=eloabder-20&linkCode=osi&th=1&psc=1"><img src="https://m.media-amazon.com/images/I/31BSavOJ89L._SL500_.jpg" alt="Product Image"></a><p>3D Iron Remover GLW Series | DIY Car Detailing | Hyper Effective Wheel Decontamination | Removes Iron Particles, Dirt, Brake Dust | Rapid Results | Ultimate Iron & Surface Contaminate Eliminator, 16oz</p><p>$17.99</p><a href="https://www.amazon.com/dp/B0C6XBN14N?tag=eloabder-20&linkCode=osi&th=1&psc=1">View Product</a></div>







<div class="product"><a href="https://www.amazon.com/dp/B0D2SPCW3G?tag=eloabder-20&linkCode=osi&th=1&psc=1"><img src="https://m.media-amazon.com/images/I/41JYIg6xqqL._SL500_.jpg" alt="Product Image"></a><p>Crankcase Ventilation Oil Separator with Gasket Compatible for 2008-2014 Volvo Mack D13 D16 MP8 Engine Replace 21122541 20499419</p><p>$155.99</p><a href="https://www.amazon.com/dp/B0D2SPCW3G?tag=eloabder-20&linkCode=osi&th=1&psc=1">View Product</a></div>

<div class="product"><a href="https://www.amazon.com/dp/B0C6M2FHGX?tag=eloabder-20&linkCode=osi&th=1&psc=1"><img src="https://m.media-amazon.com/images/I/21wWRrpHdbL._SL500_.jpg" alt="Product Image"></a><p>eMagTech 9PCS Warning Sign Please No Smoking Vaping Food Drink Stickers 110x50mm Self-Adhesive Vinyl Window Decal for Car Taxis Buses Minibuses</p><p>$9.49</p><a href="https://www.amazon.com/dp/B0C6M2FHGX?tag=eloabder-20&linkCode=osi&th=1&psc=1">View Product</a></div>

Aucun résultat trouvé.

<div class="product"><a href="https://www.amazon.com/dp/B0CVWZZMRY?tag=eloabder-20&linkCode=osi&th=1&psc=1"><img src="https://m.media-amazon.com/images/I/512y-1GwQNL._SL500_.jpg" alt="Product Image"></a><p>Jewkot 4 PCS Car Wiper Strip, 28" Boneless Structure Car Windshield Cleaning Wiper Strip, DIY Length Auxiliary Cleaning Replacement Accessory, Suitable for Most Cars, Vans, Trucks, Buses (Black)</p><p>$5.58</p><a href="https://www.amazon.com/dp/B0CVWZZMRY?tag=eloabder-20&linkCode=osi&th=1&psc=1">View Product</a></div>
<div class="product"><a href="https://www.amazon.com/dp/B07L3VQC6W?tag=eloabder-20&linkCode=osi&th=1&psc=1"><img src="https://m.media-amazon.com/images/I/41GebP+2HYL._SL500_.jpg" alt="Product Image"></a><p>BRISA VW Collection Volkswagen Air Freshener, Room Freshener, Deodorizer for Cars T1 Bus Campervan Motif (Citrus/Yellow/Set of 2)</p><p>$13.90 ($6.95 / Count)</p><a href="https://www.amazon.com/dp/B07L3VQC6W?tag=eloabder-20&linkCode=osi&th=1&psc=1">View Product</a></div><div class="product"><a href="https://www.amazon.com/dp/B07L3V86JS?tag=eloabder-20&linkCode=osi&th=1&psc=1"><img src="https://m.media-amazon.com/images/I/41TblWhKhQL._SL500_.jpg" alt="Product Image"></a><p>BRISA VW Collection Volkswagen Air Freshener, Room Freshener, Deodorizer for Cars T1 Bus Campervan Motif (New Car/Green/Set of 2)</p><p>$13.90 ($6.95 / Count)</p><a href="https://www.amazon.com/dp/B07L3V86JS?tag=eloabder-20&linkCode=osi&th=1&psc=1">View Product</a></div>


Aucun résultat trouvé.










<div class="product"><a href="https://www.amazon.com/dp/B099HL5SV2?tag=eloabder-20&linkCode=osi&th=1&psc=1"><img src="https://m.media-amazon.com/images/I/31kcR8HnylL._SL500_.jpg" alt="Product Image"></a><p>Philips GoPure GP5212 High Performance HEPA Air Purifier for Car, Removes up to 100 Pollutants, Exhaust Fumes, VOCs, Smoke, Bad Odors, Bacteria and Viruses</p><p>$77.59</p><a href="https://www.amazon.com/dp/B099HL5SV2?tag=eloabder-20&linkCode=osi&th=1&psc=1">View Product</a></div><div class="product"><a href="https://www.amazon.com/dp/B07TB419F7?tag=eloabder-20&linkCode=osi&th=1&psc=1"><img src="https://m.media-amazon.com/images/I/41l9XK-u-eL._SL500_.jpg" alt="Product Image"></a><p>Enoch Ionic Car Air Purifier with Dual USB Car Charger. Car Air Freshener Eliminates Odor, Dust. Removes Smoke, Pet and Food Odor. Ionic Ozone Car Deodorizer (Matt Black)</p><p>$24.50</p><a href="https://www.amazon.com/dp/B07TB419F7?tag=eloabder-20&linkCode=osi&th=1&psc=1">View Product</a></div><div class="product"><a href="https://www.amazon.com/dp/B08C9LKKMM?tag=eloabder-20&linkCode=osi&th=1&psc=1"><img src="https://m.media-amazon.com/images/I/41uJDRzxfrL._SL500_.jpg" alt="Product Image"></a><p>4WDKING Car Air Purifier Ionizer, 12V Plug-in Car Air Freshener Gadgets with Dual USB Charger Removes Cigarette Smoke, Pet and Food Odor, Ionic Ozone (Black)</p><p>$22.99</p><a href="https://www.amazon.com/dp/B08C9LKKMM?tag=eloabder-20&linkCode=osi&th=1&psc=1">View Product</a></div><div class="product"><a href="https://www.amazon.com/dp/B07C7D366L?tag=eloabder-20&linkCode=osi&th=1&psc=1"><img src="https://m.media-amazon.com/images/I/51GvjMcOskL._SL500_.jpg" alt="Product Image"></a><p>Car Air Purifier Ionizer - 12V Plug-in Ionic Anti-Microbial Car Deodorizer with Dual USB Charger - Smoke Smell, Pet and Food Odors, Allergens, Viruses Eliminator for Car (Matte Silver)</p><p>$24.99</p><a href="https://www.amazon.com/dp/B07C7D366L?tag=eloabder-20&linkCode=osi&th=1&psc=1">View Product</a></div><div class="product"><a href="https://www.amazon.com/dp/B086H3FW7T?tag=eloabder-20&linkCode=osi&th=1&psc=1"><img src="https://m.media-amazon.com/images/I/51FfQTz4koL._SL500_.jpg" alt="Product Image"></a><p>bmbu 1000g Large Bamboo Charcoal Air Purifier Bag - Car Deodorizer/Car Freshener - Remove Odor and Control Moisture in Your RV, Camper, SUV, Car, Truck, Closet, Mobile Home, Storage - Non Fragrant</p><p>$22.99 ($0.65 / Ounce)</p><a href="https://www.amazon.com/dp/B086H3FW7T?tag=eloabder-20&linkCode=osi&th=1&psc=1">View Product</a></div><div class="product"><a href="https://www.amazon.com/dp/B019NXUJ5K?tag=eloabder-20&linkCode=osi&th=1&psc=1"><img src="https://m.media-amazon.com/images/I/31grLw6pdUL._SL500_.jpg" alt="Product Image"></a><p>PURGGO Car Air Freshener - Lasts 365+ Days No Chemicals 100% Activated Bamboo Charcoal Fragrance-Free Deodorizer, Natural Auto Odor Eliminator, Purifier, Neutralizer, Absorb Smoke Smell</p><p>$25.99</p><a href="https://www.amazon.com/dp/B019NXUJ5K?tag=eloabder-20&linkCode=osi&th=1&psc=1">View Product</a></div><div class="product"><a href="https://www.amazon.com/dp/B0CT5TBKH5?tag=eloabder-20&linkCode=osi&th=1&psc=1"><img src="https://m.media-amazon.com/images/I/41UB7n6FuwL._SL500_.jpg" alt="Product Image"></a><p>Timgle 1 Pack Car Air Freshener, Lasts 365+ Days, No Chemicals 100% Activated Bamboo Charcoal Fragrance, Free Deodorizer, Natural Auto Odor Eliminator, Purifier, Neutralizer (Khaki Strap)</p><p>$10.99</p><a href="https://www.amazon.com/dp/B0CT5TBKH5?tag=eloabder-20&linkCode=osi&th=1&psc=1">View Product</a></div><div class="product"><a href="https://www.amazon.com/dp/B00V4049K2?tag=eloabder-20&linkCode=osi&th=1&psc=1"><img src="https://m.media-amazon.com/images/I/51rLLMGOc6L._SL500_.jpg" alt="Product Image"></a><p>PURGGO Car Air Freshener - Auto Odor Eliminator - 100% Activated Bamboo Charcoal Air Purifier, Ionizer - Absorb and Remove Smoke Smell - Fragrance-Free Deodorizer - Lasts 365+ Days [Classic Beige]</p><p>$25.99</p><a href="https://www.amazon.com/dp/B00V4049K2?tag=eloabder-20&linkCode=osi&th=1&psc=1">View Product</a></div>








<div class="product"><a href="https://www.amazon.com/dp/B00RYGK12K?tag=eloabder-20&linkCode=osi&th=1&psc=1"><img src="https://m.media-amazon.com/images/I/51RdEyCkvuL._SL500_.jpg" alt="Product Image"></a><p>Little Trees Cardboard Hanging Car, Home & Office Air Freshener, Summer Linen (Pack of 12)</p><p>$11.82 ($0.98 / Count)</p><a href="https://www.amazon.com/dp/B00RYGK12K?tag=eloabder-20&linkCode=osi&th=1&psc=1">View Product</a></div><div class="product"><a href="https://www.amazon.com/dp/B00LM54ZD0?tag=eloabder-20&linkCode=osi&th=1&psc=1"><img src="https://m.media-amazon.com/images/I/41YuRNweefL._SL500_.jpg" alt="Product Image"></a><p>LITTLE TREES Air Fresheners Car Air Freshener. Hanging Tree Provides Long Lasting Scent for Auto or Home. Black Ice, 24 Air Fresheners</p><p>$20.19 ($0.84 / Count)</p><a href="https://www.amazon.com/dp/B00LM54ZD0?tag=eloabder-20&linkCode=osi&th=1&psc=1">View Product</a></div><div class="product"><a href="https://www.amazon.com/dp/B09BB4V1Y8?tag=eloabder-20&linkCode=osi&th=1&psc=1"><img src="https://m.media-amazon.com/images/I/51AKMdDLO-L._SL500_.jpg" alt="Product Image"></a><p>DRIVEJOY Car Air Freshener Vent Clips, 8 PK, 6 Ocean, 2 New Car Scent, Car Fresheners for Men Women, Up to 240 Days, Long Lasting Air Freshener for Car, Odor Eliminator</p><p>$9.98 ($9.60 / Fl Oz)</p><a href="https://www.amazon.com/dp/B09BB4V1Y8?tag=eloabder-20&linkCode=osi&th=1&psc=1">View Product</a></div><div class="product"><a href="https://www.amazon.com/dp/B078JWRLYT?tag=eloabder-20&linkCode=osi&th=1&psc=1"><img src="https://m.media-amazon.com/images/I/41shbIl-LEL._SL500_.jpg" alt="Product Image"></a><p>California Scents Air Freshener 4-Pack Car Air Freshener (Coronado Cherry)</p><p>$12.88 ($2.15 / Ounce)</p><a href="https://www.amazon.com/dp/B078JWRLYT?tag=eloabder-20&linkCode=osi&th=1&psc=1">View Product</a></div><div class="product"><a href="https://www.amazon.com/dp/B0CW4CJWW9?tag=eloabder-20&linkCode=osi&th=1&psc=1"><img src="https://m.media-amazon.com/images/I/417lKQ0MXPL._SL500_.jpg" alt="Product Image"></a><p>Karma, Essential Oil Air Freshener for Cars Set of 2, Home & Office - Colorful Decorative Hanging Air Freshener with Tassel, Buttercup Vanilla Scented</p><p>$8.40 ($4.20 / Count)</p><a href="https://www.amazon.com/dp/B0CW4CJWW9?tag=eloabder-20&linkCode=osi&th=1&psc=1">View Product</a></div><div class="product"><a href="https://www.amazon.com/dp/B00AYCXL2I?tag=eloabder-20&linkCode=osi&th=1&psc=1"><img src="https://m.media-amazon.com/images/I/5165h10nKbL._SL500_.jpg" alt="Product Image"></a><p>Febreze Car Air Fresheners, New Car Scent, Odor Eliminator for Strong Odors Car Vent Clips (2 Count)</p><p>$9.98 ($4.99 / Count)</p><a href="https://www.amazon.com/dp/B00AYCXL2I?tag=eloabder-20&linkCode=osi&th=1&psc=1">View Product</a></div><div class="product"><a href="https://www.amazon.com/dp/B01LZ0N1MJ?tag=eloabder-20&linkCode=osi&th=1&psc=1"><img src="https://m.media-amazon.com/images/I/41J5LJGof9L._SL500_.jpg" alt="Product Image"></a><p>LITTLE TREES Car Air Freshener | Hanging Paper Tree for Home or Car | New Car Scent | 12 Pack</p><p>$11.70 ($0.98 / Count)</p><a href="https://www.amazon.com/dp/B01LZ0N1MJ?tag=eloabder-20&linkCode=osi&th=1&psc=1">View Product</a></div><div class="product"><a href="https://www.amazon.com/dp/B0C2Q2VGPZ?tag=eloabder-20&linkCode=osi&th=1&psc=1"><img src="https://m.media-amazon.com/images/I/413gckSL1EL._SL500_.jpg" alt="Product Image"></a><p>Savage Disposable Card Freshener for Men | Car Scents Air Freshener with Sauvage Fragrance | Strong Car Perfume Air Freshener with Odour Eliminating Technology | Suvage by Perfa</p><p>$6.99</p><a href="https://www.amazon.com/dp/B0C2Q2VGPZ?tag=eloabder-20&linkCode=osi&th=1&psc=1">View Product</a></div>




<div class="product"><a href="https://www.amazon.com/dp/B06WVL7YSG?tag=eloabder-20&linkCode=osi&th=1&psc=1"><img src="https://m.media-amazon.com/images/I/51fO0NuM6nL._SL500_.jpg" alt="Product Image"></a><p>Meguiar's Quik Scratch Eraser Kit, Car Scratch Remover for Repairing Surface Blemishes, Car Care Kit with ScratchX, Drill-Mounted Pad, and Microfiber Towel, 3 Count</p><p>$17.97</p><a href="https://www.amazon.com/dp/B06WVL7YSG?tag=eloabder-20&linkCode=osi&th=1&psc=1">View Product</a></div><div class="product"><a href="https://www.amazon.com/dp/B00P67GSRG?tag=eloabder-20&linkCode=osi&th=1&psc=1"><img src="https://m.media-amazon.com/images/I/41R-vt8tcnL._SL500_.jpg" alt="Product Image"></a><p>Chemical Guys GAP_VKIT_16 V Line Polish and Compound Kit For Light to Heavy Swirls & Scratches (Safe for Cars, Trucks, SUVs, RVs, Motorcycles, & More) 4 - 16 fl oz Items</p><p>$69.99</p><a href="https://www.amazon.com/dp/B00P67GSRG?tag=eloabder-20&linkCode=osi&th=1&psc=1">View Product</a></div>
<div class="product"><a href="https://www.amazon.com/dp/B0BQ1CPLSQ?tag=eloabder-20&linkCode=osi&th=1&psc=1"><img src="https://m.media-amazon.com/images/I/41ikSNNgp5L._SL500_.jpg" alt="Product Image"></a><p>PROPER DETAILING CO. Car Detailing Kit Interior Cleaner, Get Professional Results - Car Interior Cleaning Kit includes 16 oz. interior cleaner, premium boars hair detail brush, and 2 microfiber towels</p><p>$23.99</p><a href="https://www.amazon.com/dp/B0BQ1CPLSQ?tag=eloabder-20&linkCode=osi&th=1&psc=1">View Product</a></div>


<div class="product"><a href="https://www.amazon.com/dp/B0D464228M?tag=eloabder-20&linkCode=osi&th=1&psc=1"><img src="https://m.media-amazon.com/images/I/315VtBe9l-L._SL500_.jpg" alt="Product Image"></a><p>Drift Car Air Freshener - Wood Air Freshener - Car Odor Eliminator - Open Air Scent Starter Kit</p><p>$11.95</p><a href="https://www.amazon.com/dp/B0D464228M?tag=eloabder-20&linkCode=osi&th=1&psc=1">View Product</a></div>
<div class="product"><a href="https://www.amazon.com/dp/B071HR14SJ?tag=eloabder-20&linkCode=osi&th=1&psc=1"><img src="https://m.media-amazon.com/images/I/41crypCefDL._SL500_.jpg" alt="Product Image"></a><p>Meguiar's Gold Class Car Wash Soap, Ultra-Rich Car Wash Soap and Conditioner for Car Cleaning, Car Wash Soap to Clean and Condition in One Easy Step, 1 Gallon Car Wash Soap</p><p>$24.99 ($0.20 / Ounce)</p><a href="https://www.amazon.com/dp/B071HR14SJ?tag=eloabder-20&linkCode=osi&th=1&psc=1">View Product</a></div><div class="product"><a href="https://www.amazon.com/dp/B085R9L9Q9?tag=eloabder-20&linkCode=osi&th=1&psc=1"><img src="https://m.media-amazon.com/images/I/41tAv1FNbZL._SL500_.jpg" alt="Product Image"></a><p>Armor All Extreme Shield Protectant Spray , Interior Car Cleaner with UV Protection Against Cracking and Fading, 16 Fl Oz</p><p>$8.98 ($0.56 / Fl Oz)</p><a href="https://www.amazon.com/dp/B085R9L9Q9?tag=eloabder-20&linkCode=osi&th=1&psc=1">View Product</a></div><div class="product"><a href="https://www.amazon.com/dp/B016NA9Y4S?tag=eloabder-20&linkCode=osi&th=1&psc=1"><img src="https://m.media-amazon.com/images/I/31oz8VJFdjL._SL500_.jpg" alt="Product Image"></a><p>Rain-X 5079281-2 Latitude 2-In-1 Wiper Blades, 26 Inch Windshield Wipers (Pack Of 1), Automotive Replacement Windshield Wiper Blades With Patented Rain-X Water Repellency Formula</p><p>$17.08</p><a href="https://www.amazon.com/dp/B016NA9Y4S?tag=eloabder-20&linkCode=osi&th=1&psc=1">View Product</a></div><div class="product"><a href="https://www.amazon.com/dp/B0D2PCCJVK?tag=eloabder-20&linkCode=osi&th=1&psc=1"><img src="https://m.media-amazon.com/images/I/41BFT-c3a9L._SL500_.jpg" alt="Product Image"></a><p>HoogaLife Car Air Freshener Diffuser – Revitalize Your Drive with Hanging Air Freshener Diffuser Aromatic Bliss On The Go(VANILLA CREAM)</p><p>$12.99 ($24.06 / Fl Oz)</p><a href="https://www.amazon.com/dp/B0D2PCCJVK?tag=eloabder-20&linkCode=osi&th=1&psc=1">View Product</a></div><div class="product"><a href="https://www.amazon.com/dp/B0D17SKCLF?tag=eloabder-20&linkCode=osi&th=1&psc=1"><img src="https://m.media-amazon.com/images/I/51VjaK8JNmL._SL500_.jpg" alt="Product Image"></a><p>AIDEA Car Wash Mitt Microfiber, 1PK-Scratch-Free& Lint-Free, Premium Chenille Microfiber Wash Mitt-Green Regular Size (7.12''X10.14'')</p><p>$5.99</p><a href="https://www.amazon.com/dp/B0D17SKCLF?tag=eloabder-20&linkCode=osi&th=1&psc=1">View Product</a></div>








<div class="product"><a href="https://www.amazon.com/dp/B00UZE8D00?tag=eloabder-20&linkCode=osi&th=1&psc=1"><img src="https://m.media-amazon.com/images/I/517VVkgvgcL._SL500_.jpg" alt="Product Image"></a><p>Chemical Guys HOL_996 Convertible Top Cleaner and Protectant Kit, 16 oz, 2 Items</p><p>$29.99</p><a href="https://www.amazon.com/dp/B00UZE8D00?tag=eloabder-20&linkCode=osi&th=1&psc=1">View Product</a></div><div class="product"><a href="https://www.amazon.com/dp/B004HCS4NW?tag=eloabder-20&linkCode=osi&th=1&psc=1"><img src="https://m.media-amazon.com/images/I/41j5b6xRqNL._SL500_.jpg" alt="Product Image"></a><p>Meguiar's Convertible Top Cleaner - Fabric Convertible Top Cleaner and Vinyl Convertible Top Cleaner in One Advanced Formula - Safely Removes Stains, Mildew, Bird Droppings, and More, 16 Oz</p><p>$6.87 ($0.43 / Ounce)</p><a href="https://www.amazon.com/dp/B004HCS4NW?tag=eloabder-20&linkCode=osi&th=1&psc=1">View Product</a></div><div class="product"><a href="https://www.amazon.com/dp/B00UZE80N0?tag=eloabder-20&linkCode=osi&th=1&psc=1"><img src="https://m.media-amazon.com/images/I/31FG83SK9SL._SL500_.jpg" alt="Product Image"></a><p>Chemical Guys SPI_193_16 Convertible Top Protectant and Repellent, (Helps Prevent Fading & Discoloration on Fabric Sot Tops) 16 fl oz (Packaging May Vary)</p><p>$19.99 ($1.25 / Fl Oz)</p><a href="https://www.amazon.com/dp/B00UZE80N0?tag=eloabder-20&linkCode=osi&th=1&psc=1">View Product</a></div><div class="product"><a href="https://www.amazon.com/dp/B00UZE8C1A?tag=eloabder-20&linkCode=osi&th=1&psc=1"><img src="https://m.media-amazon.com/images/I/31aLnXKZxfL._SL500_.jpg" alt="Product Image"></a><p>Chemical Guys ACC_S94 Convertible Top Horse Hair Cleaning Brush, Safe for Cloth Soft Tops, Upholstery, Leather, Furniture, & More</p><p>$14.99</p><a href="https://www.amazon.com/dp/B00UZE8C1A?tag=eloabder-20&linkCode=osi&th=1&psc=1">View Product</a></div><div class="product"><a href="https://www.amazon.com/dp/B000A8JNF0?tag=eloabder-20&linkCode=osi&th=1&psc=1"><img src="https://m.media-amazon.com/images/I/51PLChiVIrL._SL500_.jpg" alt="Product Image"></a><p>303 Products Convertible Fabric Top Cleaning and Care Kit - Cleans And Protects Fabric Tops - Includes Tonneau Cover And Convertible Top Cleaner 16 fl. oz. + Fabric Guard, (30520)</p><p>$32.79 ($1.02 / Fl Oz)</p><a href="https://www.amazon.com/dp/B000A8JNF0?tag=eloabder-20&linkCode=osi&th=1&psc=1">View Product</a></div>
<div class="product"><a href="https://www.amazon.com/dp/B0BCQ1XMWV?tag=eloabder-20&linkCode=osi&th=1&psc=1"><img src="https://m.media-amazon.com/images/I/41lV6Au-S9L._SL500_.jpg" alt="Product Image"></a><p>EMITHSUN® Windshield Wiper Blades Replacement for Honda Civic Coupe 2 Door 2005-2011,That Meet OEM Quality Front Wipers Blade Set for My Car-28"+24"(Set of 2)</p><p>$19.99</p><a href="https://www.amazon.com/dp/B0BCQ1XMWV?tag=eloabder-20&linkCode=osi&th=1&psc=1">View Product</a></div>
<div class="product"><a href="https://www.amazon.com/dp/B00I8ITVZG?tag=eloabder-20&linkCode=osi&th=1&psc=1"><img src="https://m.media-amazon.com/images/I/41TXd564pcL._SL500_.jpg" alt="Product Image"></a><p>ECOGARD XC36067 Premium Cabin Air Filter Fits Hyundai Genesis 2009-2016, Equus 2011-2016 | Genesis G80 2017-2021, G90 2019-2021, GV80 2021 | Kia K900 2020</p><p>$10.98</p><a href="https://www.amazon.com/dp/B00I8ITVZG?tag=eloabder-20&linkCode=osi&th=1&psc=1">View Product</a></div>

<div class="product"><a href="https://www.amazon.com/dp/B097C3NCP1?tag=eloabder-20&linkCode=osi&th=1&psc=1"><img src="https://m.media-amazon.com/images/I/41GXST2+s6L._SL500_.jpg" alt="Product Image"></a><p>Raidbee 12 inch Rear Wiper Blade Replacement for Toyota Corolla Hatchback 2022-2019, Nissan Versa 2019-2014 Back Windshield Wiper (H306/12-B)</p><p>$6.99</p><a href="https://www.amazon.com/dp/B097C3NCP1?tag=eloabder-20&linkCode=osi&th=1&psc=1">View Product</a></div>



<div class="product"><a href="https://www.amazon.com/dp/B0CQ4MLKHJ?tag=eloabder-20&linkCode=osi&th=1&psc=1"><img src="https://m.media-amazon.com/images/I/519f8covwQL._SL500_.jpg" alt="Product Image"></a><p>Feetiger All-in-1 Fire Extinguisher for Home, Kitchen, Car, Garage, RV, Truck, Boat, Camping, Fire Spray that Tackles Multiple Types of Fire, 2pack</p><p>$39.99</p><a href="https://www.amazon.com/dp/B0CQ4MLKHJ?tag=eloabder-20&linkCode=osi&th=1&psc=1">View Product</a></div>
<div class="product"><a href="https://www.amazon.com/dp/B07TS4JV6H?tag=eloabder-20&linkCode=osi&th=1&psc=1"><img src="https://m.media-amazon.com/images/I/412htpDd6fL._SL500_.jpg" alt="Product Image"></a><p>Police Flag Air Freshener, New Car Scent, 6-Pack</p><p>$9.99 ($1.66 / Count)</p><a href="https://www.amazon.com/dp/B07TS4JV6H?tag=eloabder-20&linkCode=osi&th=1&psc=1">View Product</a></div>


<div class="product"><a href="https://www.amazon.com/dp/B009EU5ZNO?tag=eloabder-20&linkCode=osi&th=1&psc=1"><img src="https://m.media-amazon.com/images/I/515MJLZbnoL._SL500_.jpg" alt="Product Image"></a><p>J-B Weld 50133 Plastic Bonder Structural Adhesive Syringe - Tan - 25 ml</p><p>$6.98 ($8.21 / Fl Oz)</p><a href="https://www.amazon.com/dp/B009EU5ZNO?tag=eloabder-20&linkCode=osi&th=1&psc=1">View Product</a></div>



<div class="product"><a href="https://www.amazon.com/dp/B09P6YZP72?tag=eloabder-20&linkCode=osi&th=1&psc=1"><img src="https://m.media-amazon.com/images/I/416rlvu+ayL._SL500_.jpg" alt="Product Image"></a><p>AUTOBOO 26"+20" Windshield Wipers with 16" Rear Wiper Blade Replacement for Dodge Grand Caravan 2008-2012 2013 2014 2015 2016 2017 2018 2019 -Original Factory Quality (Pack of 3)</p><p>$23.99</p><a href="https://www.amazon.com/dp/B09P6YZP72?tag=eloabder-20&linkCode=osi&th=1&psc=1">View Product</a></div><div class="product"><a href="https://www.amazon.com/dp/B0BLYQBDS8?tag=eloabder-20&linkCode=osi&th=1&psc=1"><img src="https://m.media-amazon.com/images/I/51SbpSR2zBL._SL500_.jpg" alt="Product Image"></a><p>A-Premium Engine Air Filter Compatible with Chrysler Town & Country & Dodge Grand Caravan & Ram C/V & Volkswagen Routan, 2011-2020, Flexible Panel, Replace# 4861737AA</p><p>$12.99</p><a href="https://www.amazon.com/dp/B0BLYQBDS8?tag=eloabder-20&linkCode=osi&th=1&psc=1">View Product</a></div>
<div class="product"><a href="https://www.amazon.com/dp/B001FCB4JS?tag=eloabder-20&linkCode=osi&th=1&psc=1"><img src="https://m.media-amazon.com/images/I/21wq6fxqiVL._SL500_.jpg" alt="Product Image"></a><p>Dicor BT-1834-1 Butyl Seal Tape - 1/8" x 3/4" x 30' Repair Tape for RV, Trailer, Motorhome, Window, and Vent Sealing</p><p>$13.15 ($0.44 / Foot)</p><a href="https://www.amazon.com/dp/B001FCB4JS?tag=eloabder-20&linkCode=osi&th=1&psc=1">View Product</a></div>
<div class="product"><a href="https://www.amazon.com/dp/B000BUQOD6?tag=eloabder-20&linkCode=osi&th=1&psc=1"><img src="https://m.media-amazon.com/images/I/41O0CoP1L3L._SL500_.jpg" alt="Product Image"></a><p>Camco Camper/RV Toilet Paper | Sewer-Safe, Septic-Safe & Biodegradable | Designed for Camper, Trailer & Marine Sanitation Systems | 1-Ply Tissue | 4 Toilet Paper Rolls – 280 Sheets per Roll (40275)</p><p>$5.99 ($2.14 / 100 Sheets)</p><a href="https://www.amazon.com/dp/B000BUQOD6?tag=eloabder-20&linkCode=osi&th=1&psc=1">View Product</a></div><div class="product"><a href="https://www.amazon.com/dp/B007JG1W1E?tag=eloabder-20&linkCode=osi&th=1&psc=1"><img src="https://m.media-amazon.com/images/I/41i-j99E9ML._SL500_.jpg" alt="Product Image"></a><p>Camco TST Camper / RV Grey Water Odor Control - Removes Grease Buildup in Gray Water Tank, Sink & Shower Drains - 4oz Treats 40-Gal Holding Tank - Safe Septic Tank Treatment - Lemon, 64 oz (40256)</p><p>$19.94 ($0.31 / Fl Oz)</p><a href="https://www.amazon.com/dp/B007JG1W1E?tag=eloabder-20&linkCode=osi&th=1&psc=1">View Product</a></div><div class="product"><a href="https://www.amazon.com/dp/B016V2OSD0?tag=eloabder-20&linkCode=osi&th=1&psc=1"><img src="https://m.media-amazon.com/images/I/31Jm99RYVXL._SL500_.jpg" alt="Product Image"></a><p>Camco TST MAX RV Toilet Treatment Drop-INs | Control Unwanted Odors and Break Down Waste and Tissue | Septic Tank Safe | Lavender Scent | 15-pack (41559)</p><p>$11.97 ($0.80 / Count)</p><a href="https://www.amazon.com/dp/B016V2OSD0?tag=eloabder-20&linkCode=osi&th=1&psc=1">View Product</a></div>






<div class="product"><a href="https://www.amazon.com/dp/B006GJYOL0?tag=eloabder-20&linkCode=osi&th=1&psc=1"><img src="https://m.media-amazon.com/images/I/41YPjiCzDfL._SL500_.jpg" alt="Product Image"></a><p>Boat Bling HS-0128 Hot Sauce Hard Water Spot Remover, Gallon Refill, for Boats, RVs, Powersport Vehicles and More, Black,1 Gallon</p><p>$54.95 ($0.43 / Fl Oz)</p><a href="https://www.amazon.com/dp/B006GJYOL0?tag=eloabder-20&linkCode=osi&th=1&psc=1">View Product</a></div><div class="product"><a href="https://www.amazon.com/dp/B0000AXVCB?tag=eloabder-20&linkCode=osi&th=1&psc=1"><img src="https://m.media-amazon.com/images/I/51gtsDb7zDL._SL500_.jpg" alt="Product Image"></a><p>Meguiar's M4364 Marine/RV Boat Wash - 64 Oz Container</p><p>$13.99 ($0.22 / Fl Oz)</p><a href="https://www.amazon.com/dp/B0000AXVCB?tag=eloabder-20&linkCode=osi&th=1&psc=1">View Product</a></div><div class="product"><a href="https://www.amazon.com/dp/B0007TR47G?tag=eloabder-20&linkCode=osi&th=1&psc=1"><img src="https://m.media-amazon.com/images/I/41Q4SzlVojL._SL500_.jpg" alt="Product Image"></a><p>Meguiar's Flagship Premium Marine Wax, Boat Polish and Oxidation Remover - 32 Oz Bottle</p><p>$21.49</p><a href="https://www.amazon.com/dp/B0007TR47G?tag=eloabder-20&linkCode=osi&th=1&psc=1">View Product</a></div><div class="product"><a href="https://www.amazon.com/dp/B006GJYLFY?tag=eloabder-20&linkCode=osi&th=1&psc=1"><img src="https://m.media-amazon.com/images/I/31G78TSjssL._SL500_.jpg" alt="Product Image"></a><p>Boat Bling Condition Sauce Premium Interior Moisturizer w/UV Protection, 32 oz.</p><p>$27.95</p><a href="https://www.amazon.com/dp/B006GJYLFY?tag=eloabder-20&linkCode=osi&th=1&psc=1">View Product</a></div><div class="product"><a href="https://www.amazon.com/dp/B006GJYKWI?tag=eloabder-20&linkCode=osi&th=1&psc=1"><img src="https://m.media-amazon.com/images/I/41AcDanNz-L._SL500_.jpg" alt="Product Image"></a><p>Boat Bling VS-0032 Vinyl Sauce Premium Vinyl and Leather Cleaner, 32 Oz., for Boats, RVs, Powersport Vehicles and More</p><p>$22.95 ($0.72 / Fl Oz)</p><a href="https://www.amazon.com/dp/B006GJYKWI?tag=eloabder-20&linkCode=osi&th=1&psc=1">View Product</a></div>
<div class="product"><a href="https://www.amazon.com/dp/B004OJTEKK?tag=eloabder-20&linkCode=osi&th=1&psc=1"><img src="https://m.media-amazon.com/images/I/41q8kkNiKOL._SL500_.jpg" alt="Product Image"></a><p>Shurhold Yacht Brite YBP-0302 Brite Wash - 1 Gallon</p><p>$23.97 ($0.19 / Fl Oz)</p><a href="https://www.amazon.com/dp/B004OJTEKK?tag=eloabder-20&linkCode=osi&th=1&psc=1">View Product</a></div>




<div class="product"><a href="https://www.amazon.com/dp/B0B2RDZNZB?tag=eloabder-20&linkCode=osi&th=1&psc=1"><img src="https://m.media-amazon.com/images/I/51RVSUoRuGL._SL500_.jpg" alt="Product Image"></a><p>Fancemot Helicopter Car Air Fresheners Rotating Solar Car Fresheners Airplane Car Perfume (Osmanthus & Vanilla)</p><p>$14.08</p><a href="https://www.amazon.com/dp/B0B2RDZNZB?tag=eloabder-20&linkCode=osi&th=1&psc=1">View Product</a></div><div class="product"><a href="https://www.amazon.com/dp/B0994PG1ZD?tag=eloabder-20&linkCode=osi&th=1&psc=1"><img src="https://m.media-amazon.com/images/I/413er0A8cVS._SL500_.jpg" alt="Product Image"></a><p>NICEADA Car Air Freshener, Helicopter Solar Energy Rotating Aromatherapy Aviation Al Alloy Diffuser, Interior Decoration Accessories Diffuser for Car and Home (Silver)</p><p>$23.99</p><a href="https://www.amazon.com/dp/B0994PG1ZD?tag=eloabder-20&linkCode=osi&th=1&psc=1">View Product</a></div><div class="product"><a href="https://www.amazon.com/dp/B09ZTMZKSJ?tag=eloabder-20&linkCode=osi&th=1&psc=1"><img src="https://m.media-amazon.com/images/I/41rz5PydC9L._SL500_.jpg" alt="Product Image"></a><p>Air Freshener, Gigicloud Car Fragrance Diffuser Solar Rotating Automotive Air Fresheners Ornament Helicopter Shape Solid Aromatherapy Decoration for Car and Home (Black)</p><p>$15.49</p><a href="https://www.amazon.com/dp/B09ZTMZKSJ?tag=eloabder-20&linkCode=osi&th=1&psc=1">View Product</a></div><div class="product"><a href="https://www.amazon.com/dp/B0CWNNPCD3?tag=eloabder-20&linkCode=osi&th=1&psc=1"><img src="https://m.media-amazon.com/images/I/51nznnJJhfL._SL500_.jpg" alt="Product Image"></a><p>Car Air Freshener Diffuser, KaiDengZhe 1PCS Helicopter Solar Energy Rotating Aromatherapy Aviation Al Alloy Diffuser, Car Diffuser for Essential Oils, Relieve Stress and Purifie Odors for Car and Home</p><p>$15.99</p><a href="https://www.amazon.com/dp/B0CWNNPCD3?tag=eloabder-20&linkCode=osi&th=1&psc=1">View Product</a></div><div class="product"><a href="https://www.amazon.com/dp/B0B8T47G65?tag=eloabder-20&linkCode=osi&th=1&psc=1"><img src="https://m.media-amazon.com/images/I/41d6cgVheqL._SL500_.jpg" alt="Product Image"></a><p>Joyfunky Car Air Fresheners with Solar Rotating, Creative Car Perfume Decoration, Relieve Stress and Purifie Odors, Use at Car, office and Home, Silver</p><p>$12.99</p><a href="https://www.amazon.com/dp/B0B8T47G65?tag=eloabder-20&linkCode=osi&th=1&psc=1">View Product</a></div><div class="product"><a href="https://www.amazon.com/dp/B0D4ZHJVK8?tag=eloabder-20&linkCode=osi&th=1&psc=1"><img src="https://m.media-amazon.com/images/I/41sEhsjtb4L._SL500_.jpg" alt="Product Image"></a><p>NICEADA Helicopter Solar Car Air Freshener Refill Set, Solar Essential Oil Refill Perfume Oil for Car Air Fresheners(4 Packs)</p><p>$21.99 ($24.99 / Fl Oz)</p><a href="https://www.amazon.com/dp/B0D4ZHJVK8?tag=eloabder-20&linkCode=osi&th=1&psc=1">View Product</a></div><div class="product"><a href="https://www.amazon.com/dp/B0D251XW47?tag=eloabder-20&linkCode=osi&th=1&psc=1"><img src="https://m.media-amazon.com/images/I/41x6lmNq9fL._SL500_.jpg" alt="Product Image"></a><p>Helicopter Car Air Fresheners with Solar Rotating, Creative Car Perfume Decoration, Car Airplane Fragrance Diffuser for Car, Home, Office (Silver)</p><p>$13.09</p><a href="https://www.amazon.com/dp/B0D251XW47?tag=eloabder-20&linkCode=osi&th=1&psc=1">View Product</a></div>

<div class="product"><a href="https://www.amazon.com/dp/B0D4154TQG?tag=eloabder-20&linkCode=osi&th=1&psc=1"><img src="https://m.media-amazon.com/images/I/217Iw-nO3UL._SL500_.jpg" alt="Product Image"></a><p>RV Curtain Glide Tape A115, 1/2 Inch Glides Clear RV Curtain Strip Curtain Slide Tape 72 Inches Long Use with Ceiling or Wall Mount Curtain Track A201 A202 (2 Pack)</p><p>$17.99</p><a href="https://www.amazon.com/dp/B0D4154TQG?tag=eloabder-20&linkCode=osi&th=1&psc=1">View Product</a></div>
<div class="product"><a href="https://www.amazon.com/dp/B08W4PQN8L?tag=eloabder-20&linkCode=osi&th=1&psc=1"><img src="https://m.media-amazon.com/images/I/41udmrd6QTL._SL500_.jpg" alt="Product Image"></a><p>Hot Air Balloon Novelty Air Freshener for Car - Sandalwood Scented Automotive Accessory New Mexico Souvenir Gift (Pack of 4)</p><p>$7.99 ($2.00 / Count)</p><a href="https://www.amazon.com/dp/B08W4PQN8L?tag=eloabder-20&linkCode=osi&th=1&psc=1">View Product</a></div>















<div class="product"><a href="https://www.amazon.com/dp/B0CP87K2VD?tag=eloabder-20&linkCode=osi&th=1&psc=1"><img src="https://m.media-amazon.com/images/I/41dTH4OPkcL._SL500_.jpg" alt="Product Image"></a><p>For harley air cleaner filter Touring street glide road king electra tri trike Dyna Sportster XL 883 1200 Softail air intake (Drift style -Contrast Cut, C-For Touring 08-16, Softail 16-17)</p><p>$125.00</p><a href="https://www.amazon.com/dp/B0CP87K2VD?tag=eloabder-20&linkCode=osi&th=1&psc=1">View Product</a></div><div class="product"><a href="https://www.amazon.com/dp/B08DNLNY3G?tag=eloabder-20&linkCode=osi&th=1&psc=1"><img src="https://m.media-amazon.com/images/I/51baNj3o8CL._SL500_.jpg" alt="Product Image"></a><p>2963308 HD1508 Ultra Classic Air Filter Cleaner for 2008-2014 Harley Davidson Street Glide, Electra Glide, Road King, Road Glide Custom, Ultra Classic and other select models HD-1508</p><p>$21.99</p><a href="https://www.amazon.com/dp/B08DNLNY3G?tag=eloabder-20&linkCode=osi&th=1&psc=1">View Product</a></div><div class="product"><a href="https://www.amazon.com/dp/B0CQ2KKC3N?tag=eloabder-20&linkCode=osi&th=1&psc=1"><img src="https://m.media-amazon.com/images/I/31W2a0gAwIL._SL500_.jpg" alt="Product Image"></a><p>High-Flo Replacement Air Filter Element For Ventilator - Milwaukee-Eight Engine '18-later Softail and '17-later Touring and Trike Models Equipped with 114 Air Cleaner</p><p>$39.99</p><a href="https://www.amazon.com/dp/B0CQ2KKC3N?tag=eloabder-20&linkCode=osi&th=1&psc=1">View Product</a></div><div class="product"><a href="https://www.amazon.com/dp/B0CPJ5BSGM?tag=eloabder-20&linkCode=osi&th=1&psc=1"><img src="https://m.media-amazon.com/images/I/41cUadnGKpL._SL500_.jpg" alt="Product Image"></a><p>For harley air cleaner filter sportster street road glide king for harley davidson motorcycle air intake (Nake style -Black, A-For Sportster XL models)</p><p>$169.00</p><a href="https://www.amazon.com/dp/B0CPJ5BSGM?tag=eloabder-20&linkCode=osi&th=1&psc=1">View Product</a></div><div class="product"><a href="https://www.amazon.com/dp/B0CR17NS1M?tag=eloabder-20&linkCode=osi&th=1&psc=1"><img src="https://m.media-amazon.com/images/I/41n57oM0A-L._SL500_.jpg" alt="Product Image"></a><p>For harley air cleaner filter Sportster Softail Touring street road king glide Dyna for harley davidson air intake filters (Speed 7 style -gray filter, C-For Touring 08-16, Softail 16-17)</p><p>$89.00</p><a href="https://www.amazon.com/dp/B0CR17NS1M?tag=eloabder-20&linkCode=osi&th=1&psc=1">View Product</a></div><div class="product"><a href="https://www.amazon.com/dp/B0CR167HDN?tag=eloabder-20&linkCode=osi&th=1&psc=1"><img src="https://m.media-amazon.com/images/I/41o4byfzbRL._SL500_.jpg" alt="Product Image"></a><p>For harley davidson air cleaner filter sportster Touring street glide road king electra Dyna Softail motorcycle air intake (Chromed- gray filter, C-For Touring 2008-2016)</p><p>$99.00</p><a href="https://www.amazon.com/dp/B0CR167HDN?tag=eloabder-20&linkCode=osi&th=1&psc=1">View Product</a></div>







<div class="product"><a href="https://www.amazon.com/dp/B08WH8CWDM?tag=eloabder-20&linkCode=osi&th=1&psc=1"><img src="https://m.media-amazon.com/images/I/41Jj3ouB+1L._SL500_.jpg" alt="Product Image"></a><p>Glaze 'N Seal Color Enhancer Paver Sealer, 1 Gallon (923)</p><p>$62.99</p><a href="https://www.amazon.com/dp/B08WH8CWDM?tag=eloabder-20&linkCode=osi&th=1&psc=1">View Product</a></div>

<div class="product"><a href="https://www.amazon.com/dp/B0B58G8WRX?tag=eloabder-20&linkCode=osi&th=1&psc=1"><img src="https://m.media-amazon.com/images/I/41hjxJMTGJL._SL500_.jpg" alt="Product Image"></a><p>Solarhome Air Filter 333-D2696 333D2696 Compatible with JCB Backhoe Loader 3CX 4CX Telehandler 531-70</p><p>$34.50</p><a href="https://www.amazon.com/dp/B0B58G8WRX?tag=eloabder-20&linkCode=osi&th=1&psc=1">View Product</a></div>




<div class="product"><a href="https://www.amazon.com/dp/B07G7XG6BV?tag=eloabder-20&linkCode=osi&th=1&psc=1"><img src="https://m.media-amazon.com/images/I/510tZGutn6L._SL500_.jpg" alt="Product Image"></a><p>Holikme 6Pack Cleaning Brush Power Scrubber Cleaning Brush Extended Long Attachment Set All Purpose Scrub Brushes Kit for Grout, Floor, Tub, Shower, Tile, Bathroom,Car Cleaning Brush，Yellow</p><p>$6.95</p><a href="https://www.amazon.com/dp/B07G7XG6BV?tag=eloabder-20&linkCode=osi&th=1&psc=1">View Product</a></div>



<div class="product"><a href="https://www.amazon.com/dp/B000FW2NWQ?tag=eloabder-20&linkCode=osi&th=1&psc=1"><img src="https://m.media-amazon.com/images/I/31VlBDw7uDL._SL500_.jpg" alt="Product Image"></a><p>Performance Tool W233 12-Inch Long Reach Extension Scraper with 3pc Double Edged Plastic Razor Scraper Blades and 3pc Carbon Steel Razor Scraper Blades</p><p>$10.31</p><a href="https://www.amazon.com/dp/B000FW2NWQ?tag=eloabder-20&linkCode=osi&th=1&psc=1">View Product</a></div>
<div class="product"><a href="https://www.amazon.com/dp/B0BV2CQ5SW?tag=eloabder-20&linkCode=osi&th=1&psc=1"><img src="https://m.media-amazon.com/images/I/51VkTDjGg4L._SL500_.jpg" alt="Product Image"></a><p>Filterelated Mixed Bed Deionized Di Resin Filter Fill, Suitable For Spotless Car Wash System Filter Change, Tds Filter, Aquarium Filter, Deionized Car Wash,5 Liters</p><p>$49.99</p><a href="https://www.amazon.com/dp/B0BV2CQ5SW?tag=eloabder-20&linkCode=osi&th=1&psc=1">View Product</a></div><div class="product"><a href="https://www.amazon.com/dp/B01MRVQ9UE?tag=eloabder-20&linkCode=osi&th=1&psc=1"><img src="https://m.media-amazon.com/images/I/51+i6fjU6tL._SL500_.jpg" alt="Product Image"></a><p>Husqvarna XP Pre-Mixed Fuel and Engine Oil Quart (3 Pack),Blue</p><p>$32.99 ($0.34 / Count)</p><a href="https://www.amazon.com/dp/B01MRVQ9UE?tag=eloabder-20&linkCode=osi&th=1&psc=1">View Product</a></div>




<div class="product"><a href="https://www.amazon.com/dp/B01N2G2NEJ?tag=eloabder-20&linkCode=osi&th=1&psc=1"><img src="https://m.media-amazon.com/images/I/41-5g4zEDpL._SL500_.jpg" alt="Product Image"></a><p>Chemical Guys SPI10816 Heavy Duty Water Spot Remover, Safe for Cars, Trucks, Motorcycles, RVs & More, 16 fl oz</p><p>$17.97 ($1.12 / Fl Oz)</p><a href="https://www.amazon.com/dp/B01N2G2NEJ?tag=eloabder-20&linkCode=osi&th=1&psc=1">View Product</a></div>









<div class="product"><a href="https://www.amazon.com/dp/B08YRVH2QV?tag=eloabder-20&linkCode=osi&th=1&psc=1"><img src="https://m.media-amazon.com/images/I/5164O-Jr2QL._SL500_.jpg" alt="Product Image"></a><p>Thetford AquaMAX Summer Cypress Scent RV Holding Tank Treatment, Formaldehyde Free, Waste Digester, Septic Tank Safe, 5 Gallon Bottle (96754)</p><p>$248.18</p><a href="https://www.amazon.com/dp/B08YRVH2QV?tag=eloabder-20&linkCode=osi&th=1&psc=1">View Product</a></div><div class="product"><a href="https://www.amazon.com/dp/B0BPMW7485?tag=eloabder-20&linkCode=osi&th=1&psc=1"><img src="https://m.media-amazon.com/images/I/51WNuQeew7L._SL500_.jpg" alt="Product Image"></a><p>XFasten Butyl Tape Black 1/2” x 30’ x 1/8" Butyl Sealant Tape Headlight Sealant Putty Tape | Black Butyl Caulking Tape | Butyl Tape RV Putty Tape EPDM Automotive Butyl Rubber Window Sealant for RV</p><p>$13.99 ($0.47 / Foot)</p><a href="https://www.amazon.com/dp/B0BPMW7485?tag=eloabder-20&linkCode=osi&th=1&psc=1">View Product</a></div>
<div class="product"><a href="https://www.amazon.com/dp/B006DXWZQU?tag=eloabder-20&linkCode=osi&th=1&psc=1"><img src="https://m.media-amazon.com/images/I/41wtqfFFfQL._SL500_.jpg" alt="Product Image"></a><p>FRAM Ultra Synthetic Automotive Replacement Oil Filter, Designed for Synthetic Oil Changes Lasting up to 20k Miles, XG10575 with SureGrip (Pack of 1)</p><p>$10.79</p><a href="https://www.amazon.com/dp/B006DXWZQU?tag=eloabder-20&linkCode=osi&th=1&psc=1">View Product</a></div><div class="product"><a href="https://www.amazon.com/dp/B01LH7L0XA?tag=eloabder-20&linkCode=osi&th=1&psc=1"><img src="https://m.media-amazon.com/images/I/41yD3QmbyZL._SL500_.jpg" alt="Product Image"></a><p>Shell Rotella T4 Triple Protection Conventional 15W-40 Diesel Engine Oil (1-Gallon, Single Pack)</p><p>$15.98 ($0.12 / Fl Oz)</p><a href="https://www.amazon.com/dp/B01LH7L0XA?tag=eloabder-20&linkCode=osi&th=1&psc=1">View Product</a></div><div class="product"><a href="https://www.amazon.com/dp/B00ICSWGJ0?tag=eloabder-20&linkCode=osi&th=1&psc=1"><img src="https://m.media-amazon.com/images/I/41Ahz5dVc5L._SL500_.jpg" alt="Product Image"></a><p>Castrol Edge 5W-30 Advanced Full Synthetic Motor Oil, 5 Quarts</p><p>$24.72 ($0.15 / Fl Oz)</p><a href="https://www.amazon.com/dp/B00ICSWGJ0?tag=eloabder-20&linkCode=osi&th=1&psc=1">View Product</a></div><div class="product"><a href="https://www.amazon.com/dp/B01N8RPDT8?tag=eloabder-20&linkCode=osi&th=1&psc=1"><img src="https://m.media-amazon.com/images/I/41Qm+9e8sCL._SL500_.jpg" alt="Product Image"></a><p>Motorcraft - Oil - Engine (XO10W305Q3SD)</p><p>$32.27</p><a href="https://www.amazon.com/dp/B01N8RPDT8?tag=eloabder-20&linkCode=osi&th=1&psc=1">View Product</a></div>
<div class="product"><a href="https://www.amazon.com/dp/B07FTRZLM5?tag=eloabder-20&linkCode=osi&th=1&psc=1"><img src="https://m.media-amazon.com/images/I/416uoNYOsXL._SL500_.jpg" alt="Product Image"></a><p>Chemical Guys HOL126 14-Piece Arsenal Builder Car Wash Kit with Foam Gun, Bucket, and (5) 16 oz Car Care Cleaning Chemicals, Gift for Car & Truck Lovers, Dads and DIYers (Works w/Garden Hose)</p><p>$119.99</p><a href="https://www.amazon.com/dp/B07FTRZLM5?tag=eloabder-20&linkCode=osi&th=1&psc=1">View Product</a></div><div class="product"><a href="https://www.amazon.com/dp/B0741RL23Q?tag=eloabder-20&linkCode=osi&th=1&psc=1"><img src="https://m.media-amazon.com/images/I/410wwKZBYVL._SL500_.jpg" alt="Product Image"></a><p>Chemical Guys SPI220 Total Interior Cleaner and Protectant, Safe for Cars, Trucks, SUVs, Jeeps, Motorcycles, RVs & More, 128 fl oz (1 Gallon)</p><p>$54.99 ($0.43 / Fl Oz)</p><a href="https://www.amazon.com/dp/B0741RL23Q?tag=eloabder-20&linkCode=osi&th=1&psc=1">View Product</a></div><div class="product"><a href="https://www.amazon.com/dp/B002J7VX4Y?tag=eloabder-20&linkCode=osi&th=1&psc=1"><img src="https://m.media-amazon.com/images/I/41oijnffQ0L._SL500_.jpg" alt="Product Image"></a><p>Chemical Guys AIR_101_16 New Car Smell Premium Air Freshener and Odor Eliminator, Long-Lasting Scent, Great for Cars, Trucks, SUVs, RVs & More, 16 fl oz</p><p>$10.99 ($0.69 / Fl Oz)</p><a href="https://www.amazon.com/dp/B002J7VX4Y?tag=eloabder-20&linkCode=osi&th=1&psc=1">View Product</a></div><div class="product"><a href="https://www.amazon.com/dp/B077TPG55M?tag=eloabder-20&linkCode=osi&th=1&psc=1"><img src="https://m.media-amazon.com/images/I/51aYksYRthL._SL500_.jpg" alt="Product Image"></a><p>Chemical Guys CWS20264 Tough Mudder Foaming Truck, Off Road, ATV and RV Heavy Duty Wash Soap,(Works with Foam Cannons, Foam Guns or Bucket Washes), 64 fl oz (Half Gallon), Lemon Scent</p><p>$39.99 ($0.62 / Fl Oz)</p><a href="https://www.amazon.com/dp/B077TPG55M?tag=eloabder-20&linkCode=osi&th=1&psc=1">View Product</a></div><div class="product"><a href="https://www.amazon.com/dp/B00BJCAPEE?tag=eloabder-20&linkCode=osi&th=1&psc=1"><img src="https://m.media-amazon.com/images/I/416RIPKVW1L._SL500_.jpg" alt="Product Image"></a><p>Chemical Guys CWS_402 Mr. Pink Foaming Car Wash Soap (Works with Foam Cannons, Foam Guns or Bucket Washes) Safe for Cars, Trucks, Motorcycles, RVs & More, 128 fl oz, Candy Scent</p><p>$39.99 ($0.31 / Fl Oz)</p><a href="https://www.amazon.com/dp/B00BJCAPEE?tag=eloabder-20&linkCode=osi&th=1&psc=1">View Product</a></div><div class="product"><a href="https://www.amazon.com/dp/B01C6AISUK?tag=eloabder-20&linkCode=osi&th=1&psc=1"><img src="https://m.media-amazon.com/images/I/41FrDCDPB6S._SL500_.jpg" alt="Product Image"></a><p>Chemical Guys CLD_700_16 Mat Renew Rubber + Vinyl Floor Mat Cleaner And Protectant, Safe for Cars, Trucks, SUVs, Motorcycles, RVs & More, 16 fl oz</p><p>$10.99 ($0.69 / Fl Oz)</p><a href="https://www.amazon.com/dp/B01C6AISUK?tag=eloabder-20&linkCode=osi&th=1&psc=1">View Product</a></div><div class="product"><a href="https://www.amazon.com/dp/B01N76S0A7?tag=eloabder-20&linkCode=osi&th=1&psc=1"><img src="https://m.media-amazon.com/images/I/51jurhYPCgL._SL500_.jpg" alt="Product Image"></a><p>Chemical Guys HOL131 Premium Chenille Microfiber Car Wash Mop and Heavy Duty Extendable Pole Kit (Great for RVs, Trucks, SUVs, Jeeps & Large Vehicles), With Mr. Pink Foaming Car Wash Soap - 4 fl oz</p><p>$49.99</p><a href="https://www.amazon.com/dp/B01N76S0A7?tag=eloabder-20&linkCode=osi&th=1&psc=1">View Product</a></div><div class="product"><a href="https://www.amazon.com/dp/B009OTW646?tag=eloabder-20&linkCode=osi&th=1&psc=1"><img src="https://m.media-amazon.com/images/I/41lG36UqLBL._SL500_.jpg" alt="Product Image"></a><p>Chemical Guys CWS 110 Honeydew Snow Foam Car Wash Soap (Works with Foam Cannons, Guns or Bucket Washes) Safe for Trucks, Motorcycles, RVs & More, 128 fl oz (1 Gallon), Honeydew Scent</p><p>$39.99 ($0.31 / Fl Oz)</p><a href="https://www.amazon.com/dp/B009OTW646?tag=eloabder-20&linkCode=osi&th=1&psc=1">View Product</a></div><div class="product"><a href="https://www.amazon.com/dp/B08P54Z2C2?tag=eloabder-20&linkCode=osi&th=1&psc=1"><img src="https://m.media-amazon.com/images/I/41Ra65iS2OL._SL500_.jpg" alt="Product Image"></a><p>Chemical Guys WAC23316 HydroSpeed Ceramic Quick Detailer, Safe for Cars, Trucks, SUVs, Motorcycles, RVs & More, 16 fl oz</p><p>$24.99</p><a href="https://www.amazon.com/dp/B08P54Z2C2?tag=eloabder-20&linkCode=osi&th=1&psc=1">View Product</a></div>
<div class="product"><a href="https://www.amazon.com/dp/B0C7WLPQC7?tag=eloabder-20&linkCode=osi&th=1&psc=1"><img src="https://m.media-amazon.com/images/I/41hJeSxsSWL._SL500_.jpg" alt="Product Image"></a><p>Detail King Car Odor Removal - Chlorine Dioxide Cup - Extreme Odor Eliminator For Car - Safe And Easy To Use (3 Oz (Pack of 1) - Plastic)</p><p>$24.95 ($8.32 / Ounce)</p><a href="https://www.amazon.com/dp/B0C7WLPQC7?tag=eloabder-20&linkCode=osi&th=1&psc=1">View Product</a></div>

<div class="product"><a href="https://www.amazon.com/dp/B0052XFWCG?tag=eloabder-20&linkCode=osi&th=1&psc=1"><img src="https://m.media-amazon.com/images/I/41qajeJVXLL._SL500_.jpg" alt="Product Image"></a><p>Hot Shot's Secret HSS64Z Original Stiction Eliminator 64 Fluid Ounce Bottle, Green</p><p>$53.45 ($0.84 / Fl Oz)</p><a href="https://www.amazon.com/dp/B0052XFWCG?tag=eloabder-20&linkCode=osi&th=1&psc=1">View Product</a></div><div class="product"><a href="https://www.amazon.com/dp/B009M64CAW?tag=eloabder-20&linkCode=osi&th=1&psc=1"><img src="https://m.media-amazon.com/images/I/417D8X0nkBL._SL500_.jpg" alt="Product Image"></a><p>Lucas Oil 10679 Hot Rod & Classic Car SAE 10W-30 Motor Oil - 5 Quart</p><p>$38.50 ($0.24 / Fl Oz)</p><a href="https://www.amazon.com/dp/B009M64CAW?tag=eloabder-20&linkCode=osi&th=1&psc=1">View Product</a></div><div class="product"><a href="https://www.amazon.com/dp/B01L9ARY9O?tag=eloabder-20&linkCode=osi&th=1&psc=1"><img src="https://m.media-amazon.com/images/I/51yaZAYH75L._SL500_.jpg" alt="Product Image"></a><p>FPPF Chemical Co 00161 16 OZ HOT 4-in-1 Heating Oil Treatment (2 Bottles)</p><p>$26.42</p><a href="https://www.amazon.com/dp/B01L9ARY9O?tag=eloabder-20&linkCode=osi&th=1&psc=1">View Product</a></div><div class="product"><a href="https://www.amazon.com/dp/B009M64CUM?tag=eloabder-20&linkCode=osi&th=1&psc=1"><img src="https://m.media-amazon.com/images/I/41yiWaF8YQL._SL500_.jpg" alt="Product Image"></a><p>Lucas Oil 10683 Hot Rod & Classic Car SAE 10W-40 Motor Oil - 5 Quart</p><p>$43.24 ($0.27 / Fl Oz)</p><a href="https://www.amazon.com/dp/B009M64CUM?tag=eloabder-20&linkCode=osi&th=1&psc=1">View Product</a></div><div class="product"><a href="https://www.amazon.com/dp/B0973HNRH9?tag=eloabder-20&linkCode=osi&th=1&psc=1"><img src="https://m.media-amazon.com/images/I/41kyGGJa--L._SL500_.jpg" alt="Product Image"></a><p>Hot Shot's Secret FR3 Friction Reducer 64 Fluid Ounce 2 Quarts, Light Yellow Liquid, (HSSFR364Z)</p><p>$59.73 ($0.93 / Fl Oz)</p><a href="https://www.amazon.com/dp/B0973HNRH9?tag=eloabder-20&linkCode=osi&th=1&psc=1">View Product</a></div><div class="product"><a href="https://www.amazon.com/dp/B082YFQQ25?tag=eloabder-20&linkCode=osi&th=1&psc=1"><img src="https://m.media-amazon.com/images/I/511PTX7LlZL._SL500_.jpg" alt="Product Image"></a><p>Hot Shot's Secret Green Diamond 100 Percent Synthetic 15W40 Oil Diesel 1 Gallon</p><p>$39.99 ($0.31 / Fl Oz)</p><a href="https://www.amazon.com/dp/B082YFQQ25?tag=eloabder-20&linkCode=osi&th=1&psc=1">View Product</a></div>















<div class="product"><a href="https://www.amazon.com/dp/B08PTMXCJL?tag=eloabder-20&linkCode=osi&th=1&psc=1"><img src="https://m.media-amazon.com/images/I/410eJv-7UHL._SL500_.jpg" alt="Product Image"></a><p>Moly Grease | 3% Molybdenum Disulfide | Fifth Wheel | 5th | Automotive | Tractor | Axle | Spline | CV Joint | Lithium EP Grease | High Temp | 35 LB Pail Bucket | Black Moly | NLGI 2 | HeavyDuty Moly</p><p>$174.99 ($0.31 / Ounce)</p><a href="https://www.amazon.com/dp/B08PTMXCJL?tag=eloabder-20&linkCode=osi&th=1&psc=1">View Product</a></div><div class="product"><a href="https://www.amazon.com/dp/B08PTHJTK5?tag=eloabder-20&linkCode=osi&th=1&psc=1"><img src="https://m.media-amazon.com/images/I/41VdMjJ38aL._SL500_.jpg" alt="Product Image"></a><p>Wheel Bearing Grease Pail | Lithium Complex | High Temp EP | CV Joint | Axle | Automotive | Tractor | Truck | Ball Joint | Marine Boat | Gear | Heavy Duty | Blue | 35 LB Bucket | NLGI 2 | MultiPurpose</p><p>$167.99 ($0.30 / Ounce)</p><a href="https://www.amazon.com/dp/B08PTHJTK5?tag=eloabder-20&linkCode=osi&th=1&psc=1">View Product</a></div><div class="product"><a href="https://www.amazon.com/dp/B0013J1UA6?tag=eloabder-20&linkCode=osi&th=1&psc=1"><img src="https://m.media-amazon.com/images/I/41G0Fkf7KnL._SL500_.jpg" alt="Product Image"></a><p>CRC Food Grade Chain Lube 03055 – 12 Wt. Oz. Aerosol, NSF H1 Gear, Chain, and Wire Lubricant</p><p>$19.25 ($1.60 / Ounce)</p><a href="https://www.amazon.com/dp/B0013J1UA6?tag=eloabder-20&linkCode=osi&th=1&psc=1">View Product</a></div>





<div class="product"><a href="https://www.amazon.com/dp/B08GQ9G2V5?tag=eloabder-20&linkCode=osi&th=1&psc=1"><img src="https://m.media-amazon.com/images/I/511+rapOlWL._SL500_.jpg" alt="Product Image"></a><p>Armor All Car Air Freshener and Purifier, Car Odor Eliminator, 1.5 Ounce (Pack of 3)</p><p>$21.21 ($4.71 / Ounce)</p><a href="https://www.amazon.com/dp/B08GQ9G2V5?tag=eloabder-20&linkCode=osi&th=1&psc=1">View Product</a></div>







<div class="product"><a href="https://www.amazon.com/dp/B001229JCU?tag=eloabder-20&linkCode=osi&th=1&psc=1"><img src="https://m.media-amazon.com/images/I/31W6FuKPMcL._SL500_.jpg" alt="Product Image"></a><p>First Alert EZ Fire Spray, Extinguishing Aerosol Spray, AF400 Red 18 Ounce (Pack of 1)</p><p>$12.49</p><a href="https://www.amazon.com/dp/B001229JCU?tag=eloabder-20&linkCode=osi&th=1&psc=1">View Product</a></div><div class="product"><a href="https://www.amazon.com/dp/B002U0KGDY?tag=eloabder-20&linkCode=osi&th=1&psc=1"><img src="https://m.media-amazon.com/images/I/51p6R+mcRhL._SL500_.jpg" alt="Product Image"></a><p>First Alert EZ Fire Spray, Extinguishing Aerosol Spray, Pack of 2, AF400-2, RED</p><p>$27.02</p><a href="https://www.amazon.com/dp/B002U0KGDY?tag=eloabder-20&linkCode=osi&th=1&psc=1">View Product</a></div>
<div class="product"><a href="https://www.amazon.com/dp/B0088LVBUQ?tag=eloabder-20&linkCode=osi&th=1&psc=1"><img src="https://m.media-amazon.com/images/I/31h7l-l6u2L._SL500_.jpg" alt="Product Image"></a><p>Seymour EN-59 Hi-Tech Engine Spray Paint, General Motors Red</p><p>$9.08 ($0.76 / Ounce)</p><a href="https://www.amazon.com/dp/B0088LVBUQ?tag=eloabder-20&linkCode=osi&th=1&psc=1">View Product</a></div>




<div class="product"><a href="https://www.amazon.com/dp/B000HBNU9K?tag=eloabder-20&linkCode=osi&th=1&psc=1"><img src="https://m.media-amazon.com/images/I/41URzfKaVsL._SL500_.jpg" alt="Product Image"></a><p>Permatex 27828 Body Shop Heavy Duty Headliner Adhesive, High-Strength Spray Adhesive, Repair Detached Or Loose Interior Parts, Dries Clear, Aerosol Can, 16.75 Oz</p><p>$17.05 ($1.02 / Ounce)</p><a href="https://www.amazon.com/dp/B000HBNU9K?tag=eloabder-20&linkCode=osi&th=1&psc=1">View Product</a></div><div class="product"><a href="https://www.amazon.com/dp/B001VXXEXU?tag=eloabder-20&linkCode=osi&th=1&psc=1"><img src="https://m.media-amazon.com/images/I/5112onMwzaL._SL500_.jpg" alt="Product Image"></a><p>Vibra-TITE 213 Red VC-3 Original Threadmate, 250ml Can</p><p>$99.19</p><a href="https://www.amazon.com/dp/B001VXXEXU?tag=eloabder-20&linkCode=osi&th=1&psc=1">View Product</a></div><div class="product"><a href="https://www.amazon.com/dp/B0CWPSLTR1?tag=eloabder-20&linkCode=osi&th=1&psc=1"><img src="https://m.media-amazon.com/images/I/31ytleZjjaL._SL500_.jpg" alt="Product Image"></a><p>P & S PROFESSIONAL DETAIL PRODUCTS - Terminator Enzyme Spot and Stain Remover - Perfect for Deodorizing, Removing Embedded Soils, Grease, Dirt, and Protein-Based Stains; Fresh Scent (1 Quart)</p><p>$25.95 ($0.81 / Fl Oz)</p><a href="https://www.amazon.com/dp/B0CWPSLTR1?tag=eloabder-20&linkCode=osi&th=1&psc=1">View Product</a></div><div class="product"><a href="https://www.amazon.com/dp/B07GFNQL9H?tag=eloabder-20&linkCode=osi&th=1&psc=1"><img src="https://m.media-amazon.com/images/I/41AA3Nbt8OL._SL500_.jpg" alt="Product Image"></a><p>Gunk FEB1 Foamy Engine Brite Engine Cleaner - 17oz. 2 Pack</p><p>$17.95 ($0.53 / Ounce)</p><a href="https://www.amazon.com/dp/B07GFNQL9H?tag=eloabder-20&linkCode=osi&th=1&psc=1">View Product</a></div>



<div class="product"><a href="https://www.amazon.com/dp/B003SKCARK?tag=eloabder-20&linkCode=osi&th=1&psc=1"><img src="https://m.media-amazon.com/images/I/41rvU5irgRL._SL500_.jpg" alt="Product Image"></a><p>Obenauf's Heavy Duty LP Leather Preservative (4oz)- All Natural Beeswax Oil Conditioner- Rejuvenate Restore & Preserve Sunfaded or Cracked Boots Jackets Saddles Car Auto Upholstery Furniture- USA Made</p><p>$15.99</p><a href="https://www.amazon.com/dp/B003SKCARK?tag=eloabder-20&linkCode=osi&th=1&psc=1">View Product</a></div>
Aucun résultat trouvé.

<div class="product"><a href="https://www.amazon.com/dp/B0CLWDDWHX?tag=eloabder-20&linkCode=osi&th=1&psc=1"><img src="https://m.media-amazon.com/images/I/51HPMtia03L._SL500_.jpg" alt="Product Image"></a><p>Fire Fix Fire Extinguisher for Home 5-Pack | Made in USA | Emergency Fire Spray Foam for Apartment, Boat, Camping, Car, House, Kitchen & Vehicle | Safety & Survival | Compact, Small, Safe & Easy Use</p><p>$56.95</p><a href="https://www.amazon.com/dp/B0CLWDDWHX?tag=eloabder-20&linkCode=osi&th=1&psc=1">View Product</a></div><div class="product"><a href="https://www.amazon.com/dp/B0CKZF9H3D?tag=eloabder-20&linkCode=osi&th=1&psc=1"><img src="https://m.media-amazon.com/images/I/41+Q4YdByuL._SL500_.jpg" alt="Product Image"></a><p>Firexo All Fires Fire Extinguisher - Multipurpose Mini Aerosol - Pack of 6 - Home, Kitchen, Car, Garage, Boat, Caravan, Camping Household, ABC, Vehicle, Compact, RV, Emergency Equipment (0.1 Gal)</p><p>$139.99</p><a href="https://www.amazon.com/dp/B0CKZF9H3D?tag=eloabder-20&linkCode=osi&th=1&psc=1">View Product</a></div>
Aucun résultat trouvé.
Aucun résultat trouvé.






<div class="product"><a href="https://www.amazon.com/dp/B00FOKOKMU?tag=eloabder-20&linkCode=osi&th=1&psc=1"><img src="https://m.media-amazon.com/images/I/41KsUW-6WOL._SL500_.jpg" alt="Product Image"></a><p>The Original Leather Recoloring Balm by Furniture Clinic - 16 Colors - Leather Repair Kit for Furniture - Restore Couches, Car Seats & More - Leather Dye for Scratched and Faded Leather (Beige)</p><p>$29.95</p><a href="https://www.amazon.com/dp/B00FOKOKMU?tag=eloabder-20&linkCode=osi&th=1&psc=1">View Product</a></div>


<div class="product"><a href="https://www.amazon.com/dp/B0BQX6CPLS?tag=eloabder-20&linkCode=osi&th=1&psc=1"><img src="https://m.media-amazon.com/images/I/51OtuHOIJpL._SL500_.jpg" alt="Product Image"></a><p>Dry Stop Fire Spray by Prepared Hero - 8 Pack - Portable Fire Extinguisher for Home, Car, Garage, Kitchen - Works on Electrical, Grease, Battery Fires & More - Compact, Easy to Use</p><p>$143.99</p><a href="https://www.amazon.com/dp/B0BQX6CPLS?tag=eloabder-20&linkCode=osi&th=1&psc=1">View Product</a></div><div class="product"><a href="https://www.amazon.com/dp/B0BQX76B9K?tag=eloabder-20&linkCode=osi&th=1&psc=1"><img src="https://m.media-amazon.com/images/I/51iHCSuHw5L._SL500_.jpg" alt="Product Image"></a><p>Vapor Clean Fire Spray by Prepared Hero - 8 Pack - Portable Fire Extinguisher for Home, Car, Garage, Kitchen - Works on Electrical, Grease, Battery Fires & More - Compact, Easy to Use</p><p>$143.99</p><a href="https://www.amazon.com/dp/B0BQX76B9K?tag=eloabder-20&linkCode=osi&th=1&psc=1">View Product</a></div><div class="product"><a href="https://www.amazon.com/dp/B0C32NVZJZ?tag=eloabder-20&linkCode=osi&th=1&psc=1"><img src="https://m.media-amazon.com/images/I/61coxTM3mSL._SL500_.jpg" alt="Product Image"></a><p>Houandg Water-Based Fire Extinguisher- 2 Pack Portable Solution for All Fire Types in Homes, Vehicles, Kitchens - Prevents Re-Ignition</p><p>$33.98</p><a href="https://www.amazon.com/dp/B0C32NVZJZ?tag=eloabder-20&linkCode=osi&th=1&psc=1">View Product</a></div>
<div class="product"><a href="https://www.amazon.com/dp/B00L3W1OAO?tag=eloabder-20&linkCode=osi&th=1&psc=1"><img src="https://m.media-amazon.com/images/I/414uILMLuaL._SL500_.jpg" alt="Product Image"></a><p>Pro F/X Rubber Mask Grease Wheel - 1 Ounce - Trauma</p><p>$27.01</p><a href="https://www.amazon.com/dp/B00L3W1OAO?tag=eloabder-20&linkCode=osi&th=1&psc=1">View Product</a></div>
<div class="product"><a href="https://www.amazon.com/dp/B0CZ16SHCH?tag=eloabder-20&linkCode=osi&th=1&psc=1"><img src="https://m.media-amazon.com/images/I/31pYxaz4gYL._SL500_.jpg" alt="Product Image"></a><p>P & S PROFESSIONAL DETAIL PRODUCTS - Rehab - Paint Correction Creme Safe for All Paint Types and with Multiple pad Types - Easy-to-use-Formula Works at Any Stage of Paint Correction - 1 Quart</p><p>$56.95</p><a href="https://www.amazon.com/dp/B0CZ16SHCH?tag=eloabder-20&linkCode=osi&th=1&psc=1">View Product</a></div><div class="product"><a href="https://www.amazon.com/dp/B082BG8HLX?tag=eloabder-20&linkCode=osi&th=1&psc=1"><img src="https://m.media-amazon.com/images/I/31OAXbv7QFL._SL500_.jpg" alt="Product Image"></a><p>Lithium Auto Elixirs Color Crush- A rather intense approach to an Instant Detailer, Infused with color enhancing technology - Extremely Hydrophobic ingredients, long lasting Instant Detailer</p><p>$19.95 ($1.25 / Fl Oz)</p><a href="https://www.amazon.com/dp/B082BG8HLX?tag=eloabder-20&linkCode=osi&th=1&psc=1">View Product</a></div><div class="product"><a href="https://www.amazon.com/dp/B07MTPWZ76?tag=eloabder-20&linkCode=osi&th=1&psc=1"><img src="https://m.media-amazon.com/images/I/41v5yubrqoL._SL500_.jpg" alt="Product Image"></a><p>Lithium Seal and Squeal Paint Sealant/Polish - Incredible Shine and Lasting Protection - Curable Amino Functional Polymers Fused with Si02 Ceramic Nano Technology -Lasts for up to 12 Months (16 oz)</p><p>$39.99 ($2.50 / Ounce)</p><a href="https://www.amazon.com/dp/B07MTPWZ76?tag=eloabder-20&linkCode=osi&th=1&psc=1">View Product</a></div><div class="product"><a href="https://www.amazon.com/dp/B07MVNX377?tag=eloabder-20&linkCode=osi&th=1&psc=1"><img src="https://m.media-amazon.com/images/I/31gEqFf7rhL._SL500_.jpg" alt="Product Image"></a><p>Leather Love - The Best Leather Conditioner On The Planet, Brings Old Leather Back To Life, All Natural Ingredients Mixed With Serious Science, Restores, Rehydrates, Protects (8oz)</p><p>$28.99 ($3.62 / Ounce)</p><a href="https://www.amazon.com/dp/B07MVNX377?tag=eloabder-20&linkCode=osi&th=1&psc=1">View Product</a></div><div class="product"><a href="https://www.amazon.com/dp/B07MTQP514?tag=eloabder-20&linkCode=osi&th=1&psc=1"><img src="https://m.media-amazon.com/images/I/311IYwH-oaL._SL500_.jpg" alt="Product Image"></a><p>Trim Serum- Plastic Restorer- Restores Even the Most Damaged Plastic, Rubber and Vinyl, Last For Months, Penetrates Plastic Pores Restoring Color. (16 Oz)</p><p>$36.99</p><a href="https://www.amazon.com/dp/B07MTQP514?tag=eloabder-20&linkCode=osi&th=1&psc=1">View Product</a></div><div class="product"><a href="https://www.amazon.com/dp/B07236X7TS?tag=eloabder-20&linkCode=osi&th=1&psc=1"><img src="https://m.media-amazon.com/images/I/51-mgxYD9kL._SL500_.jpg" alt="Product Image"></a><p>Skidmore's Biker Edition Leather Cream | All Natural Formula Cleans, Conditions, and Protects your Motorcycle | Made in USA</p><p>$44.98</p><a href="https://www.amazon.com/dp/B07236X7TS?tag=eloabder-20&linkCode=osi&th=1&psc=1">View Product</a></div><div class="product"><a href="https://www.amazon.com/dp/B001CS6HH4?tag=eloabder-20&linkCode=osi&th=1&psc=1"><img src="https://m.media-amazon.com/images/I/41wY0SB+DWL._SL500_.jpg" alt="Product Image"></a><p>Fiebing's Yellow Saddle Soap for Leather (3.5 oz Tin) - Leather Cleaner & Conditioner to Soften, Protect & Restore Leathercraft - Leather Soap for Car Seat, Couch, Shoe, Purse, Boot, Bag, & Saddles</p><p>$7.15 ($2.04 / Ounce)</p><a href="https://www.amazon.com/dp/B001CS6HH4?tag=eloabder-20&linkCode=osi&th=1&psc=1">View Product</a></div><div class="product"><a href="https://www.amazon.com/dp/B08RHZ1BKD?tag=eloabder-20&linkCode=osi&th=1&psc=1"><img src="https://m.media-amazon.com/images/I/21WKh31c4tL._SL500_.jpg" alt="Product Image"></a><p>Lithium Ignite After Wash - Conditions and Shines Surfaces as You Dry. Streak-Free Hydrophobic Formula adds Lubrication to Stop Micro Scratching While Surfaces pop with Color.</p><p>$21.99 ($1.37 / Fl Oz)</p><a href="https://www.amazon.com/dp/B08RHZ1BKD?tag=eloabder-20&linkCode=osi&th=1&psc=1">View Product</a></div><div class="product"><a href="https://www.amazon.com/dp/B0003A1T3E?tag=eloabder-20&linkCode=osi&th=1&psc=1"><img src="https://m.media-amazon.com/images/I/41042PKJ1ZL._SL500_.jpg" alt="Product Image"></a><p>URAD One step All-In-One Leather conditioner 140g - NEUTRAL</p><p>$16.13</p><a href="https://www.amazon.com/dp/B0003A1T3E?tag=eloabder-20&linkCode=osi&th=1&psc=1">View Product</a></div>

<div class="product"><a href="https://www.amazon.com/dp/B0B3NFH3QY?tag=eloabder-20&linkCode=osi&th=1&psc=1"><img src="https://m.media-amazon.com/images/I/51sKVZnP-WL._SL500_.jpg" alt="Product Image"></a><p>Little Joe 96427-6PK I Love Hockey New Car Scent Red Car Air Freshener A/C Vent Clip Uses Alcohol-Free Fragrance Oil is Non-Hazardous and Non-Toxic Plastic, Pack of 6</p><p>$21.99 ($3.66 / Count)</p><a href="https://www.amazon.com/dp/B0B3NFH3QY?tag=eloabder-20&linkCode=osi&th=1&psc=1">View Product</a></div><div class="product"><a href="https://www.amazon.com/dp/B072275K82?tag=eloabder-20&linkCode=osi&th=1&psc=1"><img src="https://m.media-amazon.com/images/I/41wDnF6SiAL._SL500_.jpg" alt="Product Image"></a><p>Little Joe 96404-6PK Fruit Scent, Car Air Freshener, Clips to A/C Air Vent, Alcohol-Free Fragrance Oil, Non-Hazardous and Non-Toxic Plastic, Set of 6</p><p>$16.60 ($2.77 / Count)</p><a href="https://www.amazon.com/dp/B072275K82?tag=eloabder-20&linkCode=osi&th=1&psc=1">View Product</a></div><div class="product"><a href="https://www.amazon.com/dp/B0CQPQ2S4W?tag=eloabder-20&linkCode=osi&th=1&psc=1"><img src="https://m.media-amazon.com/images/I/31iRknmvjeL._SL500_.jpg" alt="Product Image"></a><p>Little Pup 96613 Blue Raspberry Slushy Scent Car Air Freshener A/C Vent Clip Uses Alcohol-Free Fragrance Oil is Non Hazardous and Non Toxic, Pack of 1</p><p>$3.94</p><a href="https://www.amazon.com/dp/B0CQPQ2S4W?tag=eloabder-20&linkCode=osi&th=1&psc=1">View Product</a></div><div class="product"><a href="https://www.amazon.com/dp/B0CQPNMTM4?tag=eloabder-20&linkCode=osi&th=1&psc=1"><img src="https://m.media-amazon.com/images/I/41eEovL+zML._SL500_.jpg" alt="Product Image"></a><p>Little Joe 96414-6PK Orange Creamsicle Scent Car Air Freshener A/C Vent Clip Uses Alcohol-Free Fragrance Oil is Non-Hazardous and Non-Toxic Plastic, Pack of 6</p><p>$25.99 ($4.33 / Count)</p><a href="https://www.amazon.com/dp/B0CQPNMTM4?tag=eloabder-20&linkCode=osi&th=1&psc=1">View Product</a></div><div class="product"><a href="https://www.amazon.com/dp/B0CH9KNNZN?tag=eloabder-20&linkCode=osi&th=1&psc=1"><img src="https://m.media-amazon.com/images/I/41jX66PGMTL._SL500_.jpg" alt="Product Image"></a><p>TAKAVU Clay Bars Auto Detailing 2 Pack X 100g, Premium Grade Material, Magic Clay Bar Cleaner for Cars, RV, Boat and Bus (Grey)</p><p>$9.99</p><a href="https://www.amazon.com/dp/B0CH9KNNZN?tag=eloabder-20&linkCode=osi&th=1&psc=1">View Product</a></div>

<div class="product"><a href="https://www.amazon.com/dp/B004UM6DLE?tag=eloabder-20&linkCode=osi&th=1&psc=1"><img src="https://m.media-amazon.com/images/I/314nawyx6sL._SL500_.jpg" alt="Product Image"></a><p>CARPRO IronX Iron Remover: Stops Rust Spots and Pre-Mature Failure of The Clear Coat, Iron Contaminant Removal - 500mL with Sprayer (17oz)</p><p>$26.78</p><a href="https://www.amazon.com/dp/B004UM6DLE?tag=eloabder-20&linkCode=osi&th=1&psc=1">View Product</a></div><div class="product"><a href="https://www.amazon.com/dp/B01HXZXO98?tag=eloabder-20&linkCode=osi&th=1&psc=1"><img src="https://m.media-amazon.com/images/I/41Ne9OfQGzL._SL500_.jpg" alt="Product Image"></a><p>Chemical Guys CWS80316 Clean Slate Deep Surface Cleaning Car Wash Soap (Removes Old Car Waxes, Glazes & Sealants for Superior Surface Prep), 16 fl oz, Citrus Scent</p><p>$11.99 ($0.75 / Fl Oz)</p><a href="https://www.amazon.com/dp/B01HXZXO98?tag=eloabder-20&linkCode=osi&th=1&psc=1">View Product</a></div><div class="product"><a href="https://www.amazon.com/dp/B07C39H9YX?tag=eloabder-20&linkCode=osi&th=1&psc=1"><img src="https://m.media-amazon.com/images/I/31yK3Vb5xWL._SL500_.jpg" alt="Product Image"></a><p>Adam's Polishes Iron Remover (16oz) - Iron Out Fallout Rust Remover Spray for Car Detailing | Remove Iron Particles in Car Paint, Motorcycle, RV & Boat | Use Before Clay Bar, Car Wax or Car Wash</p><p>$16.99</p><a href="https://www.amazon.com/dp/B07C39H9YX?tag=eloabder-20&linkCode=osi&th=1&psc=1">View Product</a></div><div class="product"><a href="https://www.amazon.com/dp/B0BTJ9DJM5?tag=eloabder-20&linkCode=osi&th=1&psc=1"><img src="https://m.media-amazon.com/images/I/41tNMqlDrxL._SL500_.jpg" alt="Product Image"></a><p>Torque Detail Decon Wash Pack - Decontamination Soap 8oz + Wash Mitt - Surface Strip Wash Car Shampoo - Highly Absorbent Microfiber Chenille Car Wash Mitt Safely Cleans Your Vehicles Entire Surface</p><p>$24.95 ($3.12 / Fl Oz)</p><a href="https://www.amazon.com/dp/B0BTJ9DJM5?tag=eloabder-20&linkCode=osi&th=1&psc=1">View Product</a></div><div class="product"><a href="https://www.amazon.com/dp/B013K5V9PQ?tag=eloabder-20&linkCode=osi&th=1&psc=1"><img src="https://m.media-amazon.com/images/I/41V3rm6NlZL._SL500_.jpg" alt="Product Image"></a><p>CARPRO PolyShave Decon Towel - Car Detailing Clay Decontamination Faster than Clay Bar, Clean & Release of Paint Contaminants and Glass - Increase Wax and Sealant Bond - 12" x 12" (1 Pack)</p><p>$39.97</p><a href="https://www.amazon.com/dp/B013K5V9PQ?tag=eloabder-20&linkCode=osi&th=1&psc=1">View Product</a></div><div class="product"><a href="https://www.amazon.com/dp/B0B788NBWG?tag=eloabder-20&linkCode=osi&th=1&psc=1"><img src="https://m.media-amazon.com/images/I/51NDfAOuEmL._SL500_.jpg" alt="Product Image"></a><p>P & S Professional Detail Products - Clay Decontamination Towel - Effective Cleaning & Release of Paint Contaminants; Increase Wax & Sealant Bond; Enhance Gloss & Depth of Color; Fine Grade-12" x 12"</p><p>$34.95</p><a href="https://www.amazon.com/dp/B0B788NBWG?tag=eloabder-20&linkCode=osi&th=1&psc=1">View Product</a></div><div class="product"><a href="https://www.amazon.com/dp/B0B27TFK69?tag=eloabder-20&linkCode=osi&th=1&psc=1"><img src="https://m.media-amazon.com/images/I/41zJPQIcqeL._SL500_.jpg" alt="Product Image"></a><p>The Rag Company - Ultra Clay Decontamination Mitt - Easy to Use; Effective Cleaning & Release of Paint Contaminants; Increase Wax & Sealant Bond; Enhance Gloss &Color Depth; Fine Grade (8.7"x5.7")</p><p>$34.95</p><a href="https://www.amazon.com/dp/B0B27TFK69?tag=eloabder-20&linkCode=osi&th=1&psc=1">View Product</a></div><div class="product"><a href="https://www.amazon.com/dp/B0C6XBN14N?tag=eloabder-20&linkCode=osi&th=1&psc=1"><img src="https://m.media-amazon.com/images/I/31BSavOJ89L._SL500_.jpg" alt="Product Image"></a><p>3D Iron Remover GLW Series | DIY Car Detailing | Hyper Effective Wheel Decontamination | Removes Iron Particles, Dirt, Brake Dust | Rapid Results | Ultimate Iron & Surface Contaminate Eliminator, 16oz</p><p>$17.99</p><a href="https://www.amazon.com/dp/B0C6XBN14N?tag=eloabder-20&linkCode=osi&th=1&psc=1">View Product</a></div>







<div class="product"><a href="https://www.amazon.com/dp/B0D2SPCW3G?tag=eloabder-20&linkCode=osi&th=1&psc=1"><img src="https://m.media-amazon.com/images/I/41JYIg6xqqL._SL500_.jpg" alt="Product Image"></a><p>Crankcase Ventilation Oil Separator with Gasket Compatible for 2008-2014 Volvo Mack D13 D16 MP8 Engine Replace 21122541 20499419</p><p>$155.99</p><a href="https://www.amazon.com/dp/B0D2SPCW3G?tag=eloabder-20&linkCode=osi&th=1&psc=1">View Product</a></div>

<div class="product"><a href="https://www.amazon.com/dp/B0C6M2FHGX?tag=eloabder-20&linkCode=osi&th=1&psc=1"><img src="https://m.media-amazon.com/images/I/21wWRrpHdbL._SL500_.jpg" alt="Product Image"></a><p>eMagTech 9PCS Warning Sign Please No Smoking Vaping Food Drink Stickers 110x50mm Self-Adhesive Vinyl Window Decal for Car Taxis Buses Minibuses</p><p>$9.49</p><a href="https://www.amazon.com/dp/B0C6M2FHGX?tag=eloabder-20&linkCode=osi&th=1&psc=1">View Product</a></div>

Aucun résultat trouvé.

<div class="product"><a href="https://www.amazon.com/dp/B0CVWZZMRY?tag=eloabder-20&linkCode=osi&th=1&psc=1"><img src="https://m.media-amazon.com/images/I/512y-1GwQNL._SL500_.jpg" alt="Product Image"></a><p>Jewkot 4 PCS Car Wiper Strip, 28" Boneless Structure Car Windshield Cleaning Wiper Strip, DIY Length Auxiliary Cleaning Replacement Accessory, Suitable for Most Cars, Vans, Trucks, Buses (Black)</p><p>$5.58</p><a href="https://www.amazon.com/dp/B0CVWZZMRY?tag=eloabder-20&linkCode=osi&th=1&psc=1">View Product</a></div>
<div class="product"><a href="https://www.amazon.com/dp/B07L3VQC6W?tag=eloabder-20&linkCode=osi&th=1&psc=1"><img src="https://m.media-amazon.com/images/I/41GebP+2HYL._SL500_.jpg" alt="Product Image"></a><p>BRISA VW Collection Volkswagen Air Freshener, Room Freshener, Deodorizer for Cars T1 Bus Campervan Motif (Citrus/Yellow/Set of 2)</p><p>$13.90 ($6.95 / Count)</p><a href="https://www.amazon.com/dp/B07L3VQC6W?tag=eloabder-20&linkCode=osi&th=1&psc=1">View Product</a></div><div class="product"><a href="https://www.amazon.com/dp/B07L3V86JS?tag=eloabder-20&linkCode=osi&th=1&psc=1"><img src="https://m.media-amazon.com/images/I/41TblWhKhQL._SL500_.jpg" alt="Product Image"></a><p>BRISA VW Collection Volkswagen Air Freshener, Room Freshener, Deodorizer for Cars T1 Bus Campervan Motif (New Car/Green/Set of 2)</p><p>$13.90 ($6.95 / Count)</p><a href="https://www.amazon.com/dp/B07L3V86JS?tag=eloabder-20&linkCode=osi&th=1&psc=1">View Product</a></div>


Aucun résultat trouvé.










<div class="product"><a href="https://www.amazon.com/dp/B099HL5SV2?tag=eloabder-20&linkCode=osi&th=1&psc=1"><img src="https://m.media-amazon.com/images/I/31kcR8HnylL._SL500_.jpg" alt="Product Image"></a><p>Philips GoPure GP5212 High Performance HEPA Air Purifier for Car, Removes up to 100 Pollutants, Exhaust Fumes, VOCs, Smoke, Bad Odors, Bacteria and Viruses</p><p>$77.59</p><a href="https://www.amazon.com/dp/B099HL5SV2?tag=eloabder-20&linkCode=osi&th=1&psc=1">View Product</a></div><div class="product"><a href="https://www.amazon.com/dp/B07TB419F7?tag=eloabder-20&linkCode=osi&th=1&psc=1"><img src="https://m.media-amazon.com/images/I/41l9XK-u-eL._SL500_.jpg" alt="Product Image"></a><p>Enoch Ionic Car Air Purifier with Dual USB Car Charger. Car Air Freshener Eliminates Odor, Dust. Removes Smoke, Pet and Food Odor. Ionic Ozone Car Deodorizer (Matt Black)</p><p>$24.50</p><a href="https://www.amazon.com/dp/B07TB419F7?tag=eloabder-20&linkCode=osi&th=1&psc=1">View Product</a></div><div class="product"><a href="https://www.amazon.com/dp/B08C9LKKMM?tag=eloabder-20&linkCode=osi&th=1&psc=1"><img src="https://m.media-amazon.com/images/I/41uJDRzxfrL._SL500_.jpg" alt="Product Image"></a><p>4WDKING Car Air Purifier Ionizer, 12V Plug-in Car Air Freshener Gadgets with Dual USB Charger Removes Cigarette Smoke, Pet and Food Odor, Ionic Ozone (Black)</p><p>$22.99</p><a href="https://www.amazon.com/dp/B08C9LKKMM?tag=eloabder-20&linkCode=osi&th=1&psc=1">View Product</a></div><div class="product"><a href="https://www.amazon.com/dp/B07C7D366L?tag=eloabder-20&linkCode=osi&th=1&psc=1"><img src="https://m.media-amazon.com/images/I/51GvjMcOskL._SL500_.jpg" alt="Product Image"></a><p>Car Air Purifier Ionizer - 12V Plug-in Ionic Anti-Microbial Car Deodorizer with Dual USB Charger - Smoke Smell, Pet and Food Odors, Allergens, Viruses Eliminator for Car (Matte Silver)</p><p>$24.99</p><a href="https://www.amazon.com/dp/B07C7D366L?tag=eloabder-20&linkCode=osi&th=1&psc=1">View Product</a></div><div class="product"><a href="https://www.amazon.com/dp/B086H3FW7T?tag=eloabder-20&linkCode=osi&th=1&psc=1"><img src="https://m.media-amazon.com/images/I/51FfQTz4koL._SL500_.jpg" alt="Product Image"></a><p>bmbu 1000g Large Bamboo Charcoal Air Purifier Bag - Car Deodorizer/Car Freshener - Remove Odor and Control Moisture in Your RV, Camper, SUV, Car, Truck, Closet, Mobile Home, Storage - Non Fragrant</p><p>$22.99 ($0.65 / Ounce)</p><a href="https://www.amazon.com/dp/B086H3FW7T?tag=eloabder-20&linkCode=osi&th=1&psc=1">View Product</a></div><div class="product"><a href="https://www.amazon.com/dp/B019NXUJ5K?tag=eloabder-20&linkCode=osi&th=1&psc=1"><img src="https://m.media-amazon.com/images/I/31grLw6pdUL._SL500_.jpg" alt="Product Image"></a><p>PURGGO Car Air Freshener - Lasts 365+ Days No Chemicals 100% Activated Bamboo Charcoal Fragrance-Free Deodorizer, Natural Auto Odor Eliminator, Purifier, Neutralizer, Absorb Smoke Smell</p><p>$25.99</p><a href="https://www.amazon.com/dp/B019NXUJ5K?tag=eloabder-20&linkCode=osi&th=1&psc=1">View Product</a></div><div class="product"><a href="https://www.amazon.com/dp/B0CT5TBKH5?tag=eloabder-20&linkCode=osi&th=1&psc=1"><img src="https://m.media-amazon.com/images/I/41UB7n6FuwL._SL500_.jpg" alt="Product Image"></a><p>Timgle 1 Pack Car Air Freshener, Lasts 365+ Days, No Chemicals 100% Activated Bamboo Charcoal Fragrance, Free Deodorizer, Natural Auto Odor Eliminator, Purifier, Neutralizer (Khaki Strap)</p><p>$10.99</p><a href="https://www.amazon.com/dp/B0CT5TBKH5?tag=eloabder-20&linkCode=osi&th=1&psc=1">View Product</a></div><div class="product"><a href="https://www.amazon.com/dp/B00V4049K2?tag=eloabder-20&linkCode=osi&th=1&psc=1"><img src="https://m.media-amazon.com/images/I/51rLLMGOc6L._SL500_.jpg" alt="Product Image"></a><p>PURGGO Car Air Freshener - Auto Odor Eliminator - 100% Activated Bamboo Charcoal Air Purifier, Ionizer - Absorb and Remove Smoke Smell - Fragrance-Free Deodorizer - Lasts 365+ Days [Classic Beige]</p><p>$25.99</p><a href="https://www.amazon.com/dp/B00V4049K2?tag=eloabder-20&linkCode=osi&th=1&psc=1">View Product</a></div>








<div class="product"><a href="https://www.amazon.com/dp/B00RYGK12K?tag=eloabder-20&linkCode=osi&th=1&psc=1"><img src="https://m.media-amazon.com/images/I/51RdEyCkvuL._SL500_.jpg" alt="Product Image"></a><p>Little Trees Cardboard Hanging Car, Home & Office Air Freshener, Summer Linen (Pack of 12)</p><p>$11.82 ($0.98 / Count)</p><a href="https://www.amazon.com/dp/B00RYGK12K?tag=eloabder-20&linkCode=osi&th=1&psc=1">View Product</a></div><div class="product"><a href="https://www.amazon.com/dp/B00LM54ZD0?tag=eloabder-20&linkCode=osi&th=1&psc=1"><img src="https://m.media-amazon.com/images/I/41YuRNweefL._SL500_.jpg" alt="Product Image"></a><p>LITTLE TREES Air Fresheners Car Air Freshener. Hanging Tree Provides Long Lasting Scent for Auto or Home. Black Ice, 24 Air Fresheners</p><p>$20.19 ($0.84 / Count)</p><a href="https://www.amazon.com/dp/B00LM54ZD0?tag=eloabder-20&linkCode=osi&th=1&psc=1">View Product</a></div><div class="product"><a href="https://www.amazon.com/dp/B09BB4V1Y8?tag=eloabder-20&linkCode=osi&th=1&psc=1"><img src="https://m.media-amazon.com/images/I/51AKMdDLO-L._SL500_.jpg" alt="Product Image"></a><p>DRIVEJOY Car Air Freshener Vent Clips, 8 PK, 6 Ocean, 2 New Car Scent, Car Fresheners for Men Women, Up to 240 Days, Long Lasting Air Freshener for Car, Odor Eliminator</p><p>$9.98 ($9.60 / Fl Oz)</p><a href="https://www.amazon.com/dp/B09BB4V1Y8?tag=eloabder-20&linkCode=osi&th=1&psc=1">View Product</a></div><div class="product"><a href="https://www.amazon.com/dp/B078JWRLYT?tag=eloabder-20&linkCode=osi&th=1&psc=1"><img src="https://m.media-amazon.com/images/I/41shbIl-LEL._SL500_.jpg" alt="Product Image"></a><p>California Scents Air Freshener 4-Pack Car Air Freshener (Coronado Cherry)</p><p>$12.88 ($2.15 / Ounce)</p><a href="https://www.amazon.com/dp/B078JWRLYT?tag=eloabder-20&linkCode=osi&th=1&psc=1">View Product</a></div><div class="product"><a href="https://www.amazon.com/dp/B0CW4CJWW9?tag=eloabder-20&linkCode=osi&th=1&psc=1"><img src="https://m.media-amazon.com/images/I/417lKQ0MXPL._SL500_.jpg" alt="Product Image"></a><p>Karma, Essential Oil Air Freshener for Cars Set of 2, Home & Office - Colorful Decorative Hanging Air Freshener with Tassel, Buttercup Vanilla Scented</p><p>$8.40 ($4.20 / Count)</p><a href="https://www.amazon.com/dp/B0CW4CJWW9?tag=eloabder-20&linkCode=osi&th=1&psc=1">View Product</a></div><div class="product"><a href="https://www.amazon.com/dp/B00AYCXL2I?tag=eloabder-20&linkCode=osi&th=1&psc=1"><img src="https://m.media-amazon.com/images/I/5165h10nKbL._SL500_.jpg" alt="Product Image"></a><p>Febreze Car Air Fresheners, New Car Scent, Odor Eliminator for Strong Odors Car Vent Clips (2 Count)</p><p>$9.98 ($4.99 / Count)</p><a href="https://www.amazon.com/dp/B00AYCXL2I?tag=eloabder-20&linkCode=osi&th=1&psc=1">View Product</a></div><div class="product"><a href="https://www.amazon.com/dp/B01LZ0N1MJ?tag=eloabder-20&linkCode=osi&th=1&psc=1"><img src="https://m.media-amazon.com/images/I/41J5LJGof9L._SL500_.jpg" alt="Product Image"></a><p>LITTLE TREES Car Air Freshener | Hanging Paper Tree for Home or Car | New Car Scent | 12 Pack</p><p>$11.70 ($0.98 / Count)</p><a href="https://www.amazon.com/dp/B01LZ0N1MJ?tag=eloabder-20&linkCode=osi&th=1&psc=1">View Product</a></div><div class="product"><a href="https://www.amazon.com/dp/B0C2Q2VGPZ?tag=eloabder-20&linkCode=osi&th=1&psc=1"><img src="https://m.media-amazon.com/images/I/413gckSL1EL._SL500_.jpg" alt="Product Image"></a><p>Savage Disposable Card Freshener for Men | Car Scents Air Freshener with Sauvage Fragrance | Strong Car Perfume Air Freshener with Odour Eliminating Technology | Suvage by Perfa</p><p>$6.99</p><a href="https://www.amazon.com/dp/B0C2Q2VGPZ?tag=eloabder-20&linkCode=osi&th=1&psc=1">View Product</a></div>




<div class="product"><a href="https://www.amazon.com/dp/B06WVL7YSG?tag=eloabder-20&linkCode=osi&th=1&psc=1"><img src="https://m.media-amazon.com/images/I/51fO0NuM6nL._SL500_.jpg" alt="Product Image"></a><p>Meguiar's Quik Scratch Eraser Kit, Car Scratch Remover for Repairing Surface Blemishes, Car Care Kit with ScratchX, Drill-Mounted Pad, and Microfiber Towel, 3 Count</p><p>$17.97</p><a href="https://www.amazon.com/dp/B06WVL7YSG?tag=eloabder-20&linkCode=osi&th=1&psc=1">View Product</a></div><div class="product"><a href="https://www.amazon.com/dp/B00P67GSRG?tag=eloabder-20&linkCode=osi&th=1&psc=1"><img src="https://m.media-amazon.com/images/I/41R-vt8tcnL._SL500_.jpg" alt="Product Image"></a><p>Chemical Guys GAP_VKIT_16 V Line Polish and Compound Kit For Light to Heavy Swirls & Scratches (Safe for Cars, Trucks, SUVs, RVs, Motorcycles, & More) 4 - 16 fl oz Items</p><p>$69.99</p><a href="https://www.amazon.com/dp/B00P67GSRG?tag=eloabder-20&linkCode=osi&th=1&psc=1">View Product</a></div>
<div class="product"><a href="https://www.amazon.com/dp/B0BQ1CPLSQ?tag=eloabder-20&linkCode=osi&th=1&psc=1"><img src="https://m.media-amazon.com/images/I/41ikSNNgp5L._SL500_.jpg" alt="Product Image"></a><p>PROPER DETAILING CO. Car Detailing Kit Interior Cleaner, Get Professional Results - Car Interior Cleaning Kit includes 16 oz. interior cleaner, premium boars hair detail brush, and 2 microfiber towels</p><p>$23.99</p><a href="https://www.amazon.com/dp/B0BQ1CPLSQ?tag=eloabder-20&linkCode=osi&th=1&psc=1">View Product</a></div>



<div class="product"><a href="https://www.amazon.com/dp/B0D464228M?tag=eloabder-20&linkCode=osi&th=1&psc=1"><img src="https://m.media-amazon.com/images/I/315VtBe9l-L._SL500_.jpg" alt="Product Image"></a><p>Drift Car Air Freshener - Wood Air Freshener - Car Odor Eliminator - Open Air Scent Starter Kit</p><p>$11.95</p><a href="https://www.amazon.com/dp/B0D464228M?tag=eloabder-20&linkCode=osi&th=1&psc=1">View Product</a></div>
<div class="product"><a href="https://www.amazon.com/dp/B071HR14SJ?tag=eloabder-20&linkCode=osi&th=1&psc=1"><img src="https://m.media-amazon.com/images/I/41crypCefDL._SL500_.jpg" alt="Product Image"></a><p>Meguiar's Gold Class Car Wash Soap, Ultra-Rich Car Wash Soap and Conditioner for Car Cleaning, Car Wash Soap to Clean and Condition in One Easy Step, 1 Gallon Car Wash Soap</p><p>$24.99 ($0.20 / Ounce)</p><a href="https://www.amazon.com/dp/B071HR14SJ?tag=eloabder-20&linkCode=osi&th=1&psc=1">View Product</a></div><div class="product"><a href="https://www.amazon.com/dp/B085R9L9Q9?tag=eloabder-20&linkCode=osi&th=1&psc=1"><img src="https://m.media-amazon.com/images/I/41tAv1FNbZL._SL500_.jpg" alt="Product Image"></a><p>Armor All Extreme Shield Protectant Spray , Interior Car Cleaner with UV Protection Against Cracking and Fading, 16 Fl Oz</p><p>$8.98 ($0.56 / Fl Oz)</p><a href="https://www.amazon.com/dp/B085R9L9Q9?tag=eloabder-20&linkCode=osi&th=1&psc=1">View Product</a></div><div class="product"><a href="https://www.amazon.com/dp/B016NA9Y4S?tag=eloabder-20&linkCode=osi&th=1&psc=1"><img src="https://m.media-amazon.com/images/I/31oz8VJFdjL._SL500_.jpg" alt="Product Image"></a><p>Rain-X 5079281-2 Latitude 2-In-1 Wiper Blades, 26 Inch Windshield Wipers (Pack Of 1), Automotive Replacement Windshield Wiper Blades With Patented Rain-X Water Repellency Formula</p><p>$17.08</p><a href="https://www.amazon.com/dp/B016NA9Y4S?tag=eloabder-20&linkCode=osi&th=1&psc=1">View Product</a></div><div class="product"><a href="https://www.amazon.com/dp/B0D2PCCJVK?tag=eloabder-20&linkCode=osi&th=1&psc=1"><img src="https://m.media-amazon.com/images/I/41BFT-c3a9L._SL500_.jpg" alt="Product Image"></a><p>HoogaLife Car Air Freshener Diffuser – Revitalize Your Drive with Hanging Air Freshener Diffuser Aromatic Bliss On The Go(VANILLA CREAM)</p><p>$12.99 ($24.06 / Fl Oz)</p><a href="https://www.amazon.com/dp/B0D2PCCJVK?tag=eloabder-20&linkCode=osi&th=1&psc=1">View Product</a></div><div class="product"><a href="https://www.amazon.com/dp/B0D17SKCLF?tag=eloabder-20&linkCode=osi&th=1&psc=1"><img src="https://m.media-amazon.com/images/I/51VjaK8JNmL._SL500_.jpg" alt="Product Image"></a><p>AIDEA Car Wash Mitt Microfiber, 1PK-Scratch-Free& Lint-Free, Premium Chenille Microfiber Wash Mitt-Green Regular Size (7.12''X10.14'')</p><p>$5.99</p><a href="https://www.amazon.com/dp/B0D17SKCLF?tag=eloabder-20&linkCode=osi&th=1&psc=1">View Product</a></div>








<div class="product"><a href="https://www.amazon.com/dp/B00UZE8D00?tag=eloabder-20&linkCode=osi&th=1&psc=1"><img src="https://m.media-amazon.com/images/I/517VVkgvgcL._SL500_.jpg" alt="Product Image"></a><p>Chemical Guys HOL_996 Convertible Top Cleaner and Protectant Kit, 16 oz, 2 Items</p><p>$29.99</p><a href="https://www.amazon.com/dp/B00UZE8D00?tag=eloabder-20&linkCode=osi&th=1&psc=1">View Product</a></div><div class="product"><a href="https://www.amazon.com/dp/B004HCS4NW?tag=eloabder-20&linkCode=osi&th=1&psc=1"><img src="https://m.media-amazon.com/images/I/41j5b6xRqNL._SL500_.jpg" alt="Product Image"></a><p>Meguiar's Convertible Top Cleaner - Fabric Convertible Top Cleaner and Vinyl Convertible Top Cleaner in One Advanced Formula - Safely Removes Stains, Mildew, Bird Droppings, and More, 16 Oz</p><p>$6.87 ($0.43 / Ounce)</p><a href="https://www.amazon.com/dp/B004HCS4NW?tag=eloabder-20&linkCode=osi&th=1&psc=1">View Product</a></div><div class="product"><a href="https://www.amazon.com/dp/B00UZE80N0?tag=eloabder-20&linkCode=osi&th=1&psc=1"><img src="https://m.media-amazon.com/images/I/31FG83SK9SL._SL500_.jpg" alt="Product Image"></a><p>Chemical Guys SPI_193_16 Convertible Top Protectant and Repellent, (Helps Prevent Fading & Discoloration on Fabric Sot Tops) 16 fl oz (Packaging May Vary)</p><p>$19.99 ($1.25 / Fl Oz)</p><a href="https://www.amazon.com/dp/B00UZE80N0?tag=eloabder-20&linkCode=osi&th=1&psc=1">View Product</a></div><div class="product"><a href="https://www.amazon.com/dp/B00UZE8C1A?tag=eloabder-20&linkCode=osi&th=1&psc=1"><img src="https://m.media-amazon.com/images/I/31aLnXKZxfL._SL500_.jpg" alt="Product Image"></a><p>Chemical Guys ACC_S94 Convertible Top Horse Hair Cleaning Brush, Safe for Cloth Soft Tops, Upholstery, Leather, Furniture, & More</p><p>$14.99</p><a href="https://www.amazon.com/dp/B00UZE8C1A?tag=eloabder-20&linkCode=osi&th=1&psc=1">View Product</a></div><div class="product"><a href="https://www.amazon.com/dp/B000A8JNF0?tag=eloabder-20&linkCode=osi&th=1&psc=1"><img src="https://m.media-amazon.com/images/I/51PLChiVIrL._SL500_.jpg" alt="Product Image"></a><p>303 Products Convertible Fabric Top Cleaning and Care Kit - Cleans And Protects Fabric Tops - Includes Tonneau Cover And Convertible Top Cleaner 16 fl. oz. + Fabric Guard, (30520)</p><p>$32.79 ($1.02 / Fl Oz)</p><a href="https://www.amazon.com/dp/B000A8JNF0?tag=eloabder-20&linkCode=osi&th=1&psc=1">View Product</a></div>
<div class="product"><a href="https://www.amazon.com/dp/B0BCQ1XMWV?tag=eloabder-20&linkCode=osi&th=1&psc=1"><img src="https://m.media-amazon.com/images/I/41lV6Au-S9L._SL500_.jpg" alt="Product Image"></a><p>EMITHSUN® Windshield Wiper Blades Replacement for Honda Civic Coupe 2 Door 2005-2011,That Meet OEM Quality Front Wipers Blade Set for My Car-28"+24"(Set of 2)</p><p>$19.99</p><a href="https://www.amazon.com/dp/B0BCQ1XMWV?tag=eloabder-20&linkCode=osi&th=1&psc=1">View Product</a></div>
<div class="product"><a href="https://www.amazon.com/dp/B00I8ITVZG?tag=eloabder-20&linkCode=osi&th=1&psc=1"><img src="https://m.media-amazon.com/images/I/41TXd564pcL._SL500_.jpg" alt="Product Image"></a><p>ECOGARD XC36067 Premium Cabin Air Filter Fits Hyundai Genesis 2009-2016, Equus 2011-2016 | Genesis G80 2017-2021, G90 2019-2021, GV80 2021 | Kia K900 2020</p><p>$10.98</p><a href="https://www.amazon.com/dp/B00I8ITVZG?tag=eloabder-20&linkCode=osi&th=1&psc=1">View Product</a></div>

<div class="product"><a href="https://www.amazon.com/dp/B097C3NCP1?tag=eloabder-20&linkCode=osi&th=1&psc=1"><img src="https://m.media-amazon.com/images/I/41GXST2+s6L._SL500_.jpg" alt="Product Image"></a><p>Raidbee 12 inch Rear Wiper Blade Replacement for Toyota Corolla Hatchback 2022-2019, Nissan Versa 2019-2014 Back Windshield Wiper (H306/12-B)</p><p>$6.99</p><a href="https://www.amazon.com/dp/B097C3NCP1?tag=eloabder-20&linkCode=osi&th=1&psc=1">View Product</a></div>



<div class="product"><a href="https://www.amazon.com/dp/B0CQ4MLKHJ?tag=eloabder-20&linkCode=osi&th=1&psc=1"><img src="https://m.media-amazon.com/images/I/519f8covwQL._SL500_.jpg" alt="Product Image"></a><p>Feetiger All-in-1 Fire Extinguisher for Home, Kitchen, Car, Garage, RV, Truck, Boat, Camping, Fire Spray that Tackles Multiple Types of Fire, 2pack</p><p>$39.99</p><a href="https://www.amazon.com/dp/B0CQ4MLKHJ?tag=eloabder-20&linkCode=osi&th=1&psc=1">View Product</a></div>
<div class="product"><a href="https://www.amazon.com/dp/B07TS4JV6H?tag=eloabder-20&linkCode=osi&th=1&psc=1"><img src="https://m.media-amazon.com/images/I/412htpDd6fL._SL500_.jpg" alt="Product Image"></a><p>Police Flag Air Freshener, New Car Scent, 6-Pack</p><p>$9.99 ($1.66 / Count)</p><a href="https://www.amazon.com/dp/B07TS4JV6H?tag=eloabder-20&linkCode=osi&th=1&psc=1">View Product</a></div>


<div class="product"><a href="https://www.amazon.com/dp/B009EU5ZNO?tag=eloabder-20&linkCode=osi&th=1&psc=1"><img src="https://m.media-amazon.com/images/I/515MJLZbnoL._SL500_.jpg" alt="Product Image"></a><p>J-B Weld 50133 Plastic Bonder Structural Adhesive Syringe - Tan - 25 ml</p><p>$6.98 ($8.21 / Fl Oz)</p><a href="https://www.amazon.com/dp/B009EU5ZNO?tag=eloabder-20&linkCode=osi&th=1&psc=1">View Product</a></div>



<div class="product"><a href="https://www.amazon.com/dp/B09P6YZP72?tag=eloabder-20&linkCode=osi&th=1&psc=1"><img src="https://m.media-amazon.com/images/I/416rlvu+ayL._SL500_.jpg" alt="Product Image"></a><p>AUTOBOO 26"+20" Windshield Wipers with 16" Rear Wiper Blade Replacement for Dodge Grand Caravan 2008-2012 2013 2014 2015 2016 2017 2018 2019 -Original Factory Quality (Pack of 3)</p><p>$23.99</p><a href="https://www.amazon.com/dp/B09P6YZP72?tag=eloabder-20&linkCode=osi&th=1&psc=1">View Product</a></div><div class="product"><a href="https://www.amazon.com/dp/B0BLYQBDS8?tag=eloabder-20&linkCode=osi&th=1&psc=1"><img src="https://m.media-amazon.com/images/I/51SbpSR2zBL._SL500_.jpg" alt="Product Image"></a><p>A-Premium Engine Air Filter Compatible with Chrysler Town & Country & Dodge Grand Caravan & Ram C/V & Volkswagen Routan, 2011-2020, Flexible Panel, Replace# 4861737AA</p><p>$12.99</p><a href="https://www.amazon.com/dp/B0BLYQBDS8?tag=eloabder-20&linkCode=osi&th=1&psc=1">View Product</a></div>
<div class="product"><a href="https://www.amazon.com/dp/B001FCB4JS?tag=eloabder-20&linkCode=osi&th=1&psc=1"><img src="https://m.media-amazon.com/images/I/21wq6fxqiVL._SL500_.jpg" alt="Product Image"></a><p>Dicor BT-1834-1 Butyl Seal Tape - 1/8" x 3/4" x 30' Repair Tape for RV, Trailer, Motorhome, Window, and Vent Sealing</p><p>$13.15 ($0.44 / Foot)</p><a href="https://www.amazon.com/dp/B001FCB4JS?tag=eloabder-20&linkCode=osi&th=1&psc=1">View Product</a></div>
<div class="product"><a href="https://www.amazon.com/dp/B000BUQOD6?tag=eloabder-20&linkCode=osi&th=1&psc=1"><img src="https://m.media-amazon.com/images/I/41O0CoP1L3L._SL500_.jpg" alt="Product Image"></a><p>Camco Camper/RV Toilet Paper | Sewer-Safe, Septic-Safe & Biodegradable | Designed for Camper, Trailer & Marine Sanitation Systems | 1-Ply Tissue | 4 Toilet Paper Rolls – 280 Sheets per Roll (40275)</p><p>$5.99 ($2.14 / 100 Sheets)</p><a href="https://www.amazon.com/dp/B000BUQOD6?tag=eloabder-20&linkCode=osi&th=1&psc=1">View Product</a></div><div class="product"><a href="https://www.amazon.com/dp/B007JG1W1E?tag=eloabder-20&linkCode=osi&th=1&psc=1"><img src="https://m.media-amazon.com/images/I/41i-j99E9ML._SL500_.jpg" alt="Product Image"></a><p>Camco TST Camper / RV Grey Water Odor Control - Removes Grease Buildup in Gray Water Tank, Sink & Shower Drains - 4oz Treats 40-Gal Holding Tank - Safe Septic Tank Treatment - Lemon, 64 oz (40256)</p><p>$19.94 ($0.31 / Fl Oz)</p><a href="https://www.amazon.com/dp/B007JG1W1E?tag=eloabder-20&linkCode=osi&th=1&psc=1">View Product</a></div><div class="product"><a href="https://www.amazon.com/dp/B016V2OSD0?tag=eloabder-20&linkCode=osi&th=1&psc=1"><img src="https://m.media-amazon.com/images/I/31Jm99RYVXL._SL500_.jpg" alt="Product Image"></a><p>Camco TST MAX RV Toilet Treatment Drop-INs | Control Unwanted Odors and Break Down Waste and Tissue | Septic Tank Safe | Lavender Scent | 15-pack (41559)</p><p>$11.97 ($0.80 / Count)</p><a href="https://www.amazon.com/dp/B016V2OSD0?tag=eloabder-20&linkCode=osi&th=1&psc=1">View Product</a></div>






<div class="product"><a href="https://www.amazon.com/dp/B006GJYOL0?tag=eloabder-20&linkCode=osi&th=1&psc=1"><img src="https://m.media-amazon.com/images/I/41YPjiCzDfL._SL500_.jpg" alt="Product Image"></a><p>Boat Bling HS-0128 Hot Sauce Hard Water Spot Remover, Gallon Refill, for Boats, RVs, Powersport Vehicles and More, Black,1 Gallon</p><p>$54.95 ($0.43 / Fl Oz)</p><a href="https://www.amazon.com/dp/B006GJYOL0?tag=eloabder-20&linkCode=osi&th=1&psc=1">View Product</a></div><div class="product"><a href="https://www.amazon.com/dp/B0000AXVCB?tag=eloabder-20&linkCode=osi&th=1&psc=1"><img src="https://m.media-amazon.com/images/I/51gtsDb7zDL._SL500_.jpg" alt="Product Image"></a><p>Meguiar's M4364 Marine/RV Boat Wash - 64 Oz Container</p><p>$13.99 ($0.22 / Fl Oz)</p><a href="https://www.amazon.com/dp/B0000AXVCB?tag=eloabder-20&linkCode=osi&th=1&psc=1">View Product</a></div><div class="product"><a href="https://www.amazon.com/dp/B0007TR47G?tag=eloabder-20&linkCode=osi&th=1&psc=1"><img src="https://m.media-amazon.com/images/I/41Q4SzlVojL._SL500_.jpg" alt="Product Image"></a><p>Meguiar's Flagship Premium Marine Wax, Boat Polish and Oxidation Remover - 32 Oz Bottle</p><p>$21.49</p><a href="https://www.amazon.com/dp/B0007TR47G?tag=eloabder-20&linkCode=osi&th=1&psc=1">View Product</a></div><div class="product"><a href="https://www.amazon.com/dp/B006GJYLFY?tag=eloabder-20&linkCode=osi&th=1&psc=1"><img src="https://m.media-amazon.com/images/I/31G78TSjssL._SL500_.jpg" alt="Product Image"></a><p>Boat Bling Condition Sauce Premium Interior Moisturizer w/UV Protection, 32 oz.</p><p>$27.95</p><a href="https://www.amazon.com/dp/B006GJYLFY?tag=eloabder-20&linkCode=osi&th=1&psc=1">View Product</a></div><div class="product"><a href="https://www.amazon.com/dp/B006GJYKWI?tag=eloabder-20&linkCode=osi&th=1&psc=1"><img src="https://m.media-amazon.com/images/I/41AcDanNz-L._SL500_.jpg" alt="Product Image"></a><p>Boat Bling VS-0032 Vinyl Sauce Premium Vinyl and Leather Cleaner, 32 Oz., for Boats, RVs, Powersport Vehicles and More</p><p>$22.95 ($0.72 / Fl Oz)</p><a href="https://www.amazon.com/dp/B006GJYKWI?tag=eloabder-20&linkCode=osi&th=1&psc=1">View Product</a></div>
<div class="product"><a href="https://www.amazon.com/dp/B004OJTEKK?tag=eloabder-20&linkCode=osi&th=1&psc=1"><img src="https://m.media-amazon.com/images/I/41q8kkNiKOL._SL500_.jpg" alt="Product Image"></a><p>Shurhold Yacht Brite YBP-0302 Brite Wash - 1 Gallon</p><p>$23.97 ($0.19 / Fl Oz)</p><a href="https://www.amazon.com/dp/B004OJTEKK?tag=eloabder-20&linkCode=osi&th=1&psc=1">View Product</a></div>




<div class="product"><a href="https://www.amazon.com/dp/B0B2RDZNZB?tag=eloabder-20&linkCode=osi&th=1&psc=1"><img src="https://m.media-amazon.com/images/I/51RVSUoRuGL._SL500_.jpg" alt="Product Image"></a><p>Fancemot Helicopter Car Air Fresheners Rotating Solar Car Fresheners Airplane Car Perfume (Osmanthus & Vanilla)</p><p>$14.08</p><a href="https://www.amazon.com/dp/B0B2RDZNZB?tag=eloabder-20&linkCode=osi&th=1&psc=1">View Product</a></div><div class="product"><a href="https://www.amazon.com/dp/B0994PG1ZD?tag=eloabder-20&linkCode=osi&th=1&psc=1"><img src="https://m.media-amazon.com/images/I/413er0A8cVS._SL500_.jpg" alt="Product Image"></a><p>NICEADA Car Air Freshener, Helicopter Solar Energy Rotating Aromatherapy Aviation Al Alloy Diffuser, Interior Decoration Accessories Diffuser for Car and Home (Silver)</p><p>$23.99</p><a href="https://www.amazon.com/dp/B0994PG1ZD?tag=eloabder-20&linkCode=osi&th=1&psc=1">View Product</a></div><div class="product"><a href="https://www.amazon.com/dp/B09ZTMZKSJ?tag=eloabder-20&linkCode=osi&th=1&psc=1"><img src="https://m.media-amazon.com/images/I/41rz5PydC9L._SL500_.jpg" alt="Product Image"></a><p>Air Freshener, Gigicloud Car Fragrance Diffuser Solar Rotating Automotive Air Fresheners Ornament Helicopter Shape Solid Aromatherapy Decoration for Car and Home (Black)</p><p>$15.49</p><a href="https://www.amazon.com/dp/B09ZTMZKSJ?tag=eloabder-20&linkCode=osi&th=1&psc=1">View Product</a></div><div class="product"><a href="https://www.amazon.com/dp/B0CWNNPCD3?tag=eloabder-20&linkCode=osi&th=1&psc=1"><img src="https://m.media-amazon.com/images/I/51nznnJJhfL._SL500_.jpg" alt="Product Image"></a><p>Car Air Freshener Diffuser, KaiDengZhe 1PCS Helicopter Solar Energy Rotating Aromatherapy Aviation Al Alloy Diffuser, Car Diffuser for Essential Oils, Relieve Stress and Purifie Odors for Car and Home</p><p>$15.99</p><a href="https://www.amazon.com/dp/B0CWNNPCD3?tag=eloabder-20&linkCode=osi&th=1&psc=1">View Product</a></div><div class="product"><a href="https://www.amazon.com/dp/B0B8T47G65?tag=eloabder-20&linkCode=osi&th=1&psc=1"><img src="https://m.media-amazon.com/images/I/41d6cgVheqL._SL500_.jpg" alt="Product Image"></a><p>Joyfunky Car Air Fresheners with Solar Rotating, Creative Car Perfume Decoration, Relieve Stress and Purifie Odors, Use at Car, office and Home, Silver</p><p>$12.99</p><a href="https://www.amazon.com/dp/B0B8T47G65?tag=eloabder-20&linkCode=osi&th=1&psc=1">View Product</a></div><div class="product"><a href="https://www.amazon.com/dp/B0D4ZHJVK8?tag=eloabder-20&linkCode=osi&th=1&psc=1"><img src="https://m.media-amazon.com/images/I/41sEhsjtb4L._SL500_.jpg" alt="Product Image"></a><p>NICEADA Helicopter Solar Car Air Freshener Refill Set, Solar Essential Oil Refill Perfume Oil for Car Air Fresheners(4 Packs)</p><p>$21.99 ($24.99 / Fl Oz)</p><a href="https://www.amazon.com/dp/B0D4ZHJVK8?tag=eloabder-20&linkCode=osi&th=1&psc=1">View Product</a></div><div class="product"><a href="https://www.amazon.com/dp/B0D251XW47?tag=eloabder-20&linkCode=osi&th=1&psc=1"><img src="https://m.media-amazon.com/images/I/41x6lmNq9fL._SL500_.jpg" alt="Product Image"></a><p>Helicopter Car Air Fresheners with Solar Rotating, Creative Car Perfume Decoration, Car Airplane Fragrance Diffuser for Car, Home, Office (Silver)</p><p>$13.09</p><a href="https://www.amazon.com/dp/B0D251XW47?tag=eloabder-20&linkCode=osi&th=1&psc=1">View Product</a></div>

<div class="product"><a href="https://www.amazon.com/dp/B0D4154TQG?tag=eloabder-20&linkCode=osi&th=1&psc=1"><img src="https://m.media-amazon.com/images/I/217Iw-nO3UL._SL500_.jpg" alt="Product Image"></a><p>RV Curtain Glide Tape A115, 1/2 Inch Glides Clear RV Curtain Strip Curtain Slide Tape 72 Inches Long Use with Ceiling or Wall Mount Curtain Track A201 A202 (2 Pack)</p><p>$17.99</p><a href="https://www.amazon.com/dp/B0D4154TQG?tag=eloabder-20&linkCode=osi&th=1&psc=1">View Product</a></div>
<div class="product"><a href="https://www.amazon.com/dp/B08W4PQN8L?tag=eloabder-20&linkCode=osi&th=1&psc=1"><img src="https://m.media-amazon.com/images/I/41udmrd6QTL._SL500_.jpg" alt="Product Image"></a><p>Hot Air Balloon Novelty Air Freshener for Car - Sandalwood Scented Automotive Accessory New Mexico Souvenir Gift (Pack of 4)</p><p>$7.99 ($2.00 / Count)</p><a href="https://www.amazon.com/dp/B08W4PQN8L?tag=eloabder-20&linkCode=osi&th=1&psc=1">View Product</a></div>















<div class="product"><a href="https://www.amazon.com/dp/B0CP87K2VD?tag=eloabder-20&linkCode=osi&th=1&psc=1"><img src="https://m.media-amazon.com/images/I/41dTH4OPkcL._SL500_.jpg" alt="Product Image"></a><p>For harley air cleaner filter Touring street glide road king electra tri trike Dyna Sportster XL 883 1200 Softail air intake (Drift style -Contrast Cut, C-For Touring 08-16, Softail 16-17)</p><p>$125.00</p><a href="https://www.amazon.com/dp/B0CP87K2VD?tag=eloabder-20&linkCode=osi&th=1&psc=1">View Product</a></div><div class="product"><a href="https://www.amazon.com/dp/B08DNLNY3G?tag=eloabder-20&linkCode=osi&th=1&psc=1"><img src="https://m.media-amazon.com/images/I/51baNj3o8CL._SL500_.jpg" alt="Product Image"></a><p>2963308 HD1508 Ultra Classic Air Filter Cleaner for 2008-2014 Harley Davidson Street Glide, Electra Glide, Road King, Road Glide Custom, Ultra Classic and other select models HD-1508</p><p>$21.99</p><a href="https://www.amazon.com/dp/B08DNLNY3G?tag=eloabder-20&linkCode=osi&th=1&psc=1">View Product</a></div><div class="product"><a href="https://www.amazon.com/dp/B0CQ2KKC3N?tag=eloabder-20&linkCode=osi&th=1&psc=1"><img src="https://m.media-amazon.com/images/I/31W2a0gAwIL._SL500_.jpg" alt="Product Image"></a><p>High-Flo Replacement Air Filter Element For Ventilator - Milwaukee-Eight Engine '18-later Softail and '17-later Touring and Trike Models Equipped with 114 Air Cleaner</p><p>$39.99</p><a href="https://www.amazon.com/dp/B0CQ2KKC3N?tag=eloabder-20&linkCode=osi&th=1&psc=1">View Product</a></div><div class="product"><a href="https://www.amazon.com/dp/B0CPJ5BSGM?tag=eloabder-20&linkCode=osi&th=1&psc=1"><img src="https://m.media-amazon.com/images/I/41cUadnGKpL._SL500_.jpg" alt="Product Image"></a><p>For harley air cleaner filter sportster street road glide king for harley davidson motorcycle air intake (Nake style -Black, A-For Sportster XL models)</p><p>$169.00</p><a href="https://www.amazon.com/dp/B0CPJ5BSGM?tag=eloabder-20&linkCode=osi&th=1&psc=1">View Product</a></div><div class="product"><a href="https://www.amazon.com/dp/B0CR17NS1M?tag=eloabder-20&linkCode=osi&th=1&psc=1"><img src="https://m.media-amazon.com/images/I/41n57oM0A-L._SL500_.jpg" alt="Product Image"></a><p>For harley air cleaner filter Sportster Softail Touring street road king glide Dyna for harley davidson air intake filters (Speed 7 style -gray filter, C-For Touring 08-16, Softail 16-17)</p><p>$89.00</p><a href="https://www.amazon.com/dp/B0CR17NS1M?tag=eloabder-20&linkCode=osi&th=1&psc=1">View Product</a></div><div class="product"><a href="https://www.amazon.com/dp/B0CR167HDN?tag=eloabder-20&linkCode=osi&th=1&psc=1"><img src="https://m.media-amazon.com/images/I/41o4byfzbRL._SL500_.jpg" alt="Product Image"></a><p>For harley davidson air cleaner filter sportster Touring street glide road king electra Dyna Softail motorcycle air intake (Chromed- gray filter, C-For Touring 2008-2016)</p><p>$99.00</p><a href="https://www.amazon.com/dp/B0CR167HDN?tag=eloabder-20&linkCode=osi&th=1&psc=1">View Product</a></div>







<div class="product"><a href="https://www.amazon.com/dp/B08WH8CWDM?tag=eloabder-20&linkCode=osi&th=1&psc=1"><img src="https://m.media-amazon.com/images/I/41Jj3ouB+1L._SL500_.jpg" alt="Product Image"></a><p>Glaze 'N Seal Color Enhancer Paver Sealer, 1 Gallon (923)</p><p>$62.99</p><a href="https://www.amazon.com/dp/B08WH8CWDM?tag=eloabder-20&linkCode=osi&th=1&psc=1">View Product</a></div>

<div class="product"><a href="https://www.amazon.com/dp/B0B58G8WRX?tag=eloabder-20&linkCode=osi&th=1&psc=1"><img src="https://m.media-amazon.com/images/I/41hjxJMTGJL._SL500_.jpg" alt="Product Image"></a><p>Solarhome Air Filter 333-D2696 333D2696 Compatible with JCB Backhoe Loader 3CX 4CX Telehandler 531-70</p><p>$34.50</p><a href="https://www.amazon.com/dp/B0B58G8WRX?tag=eloabder-20&linkCode=osi&th=1&psc=1">View Product</a></div>




<div class="product"><a href="https://www.amazon.com/dp/B07G7XG6BV?tag=eloabder-20&linkCode=osi&th=1&psc=1"><img src="https://m.media-amazon.com/images/I/510tZGutn6L._SL500_.jpg" alt="Product Image"></a><p>Holikme 6Pack Cleaning Brush Power Scrubber Cleaning Brush Extended Long Attachment Set All Purpose Scrub Brushes Kit for Grout, Floor, Tub, Shower, Tile, Bathroom,Car Cleaning Brush，Yellow</p><p>$6.95</p><a href="https://www.amazon.com/dp/B07G7XG6BV?tag=eloabder-20&linkCode=osi&th=1&psc=1">View Product</a></div>



<div class="product"><a href="https://www.amazon.com/dp/B000FW2NWQ?tag=eloabder-20&linkCode=osi&th=1&psc=1"><img src="https://m.media-amazon.com/images/I/31VlBDw7uDL._SL500_.jpg" alt="Product Image"></a><p>Performance Tool W233 12-Inch Long Reach Extension Scraper with 3pc Double Edged Plastic Razor Scraper Blades and 3pc Carbon Steel Razor Scraper Blades</p><p>$10.31</p><a href="https://www.amazon.com/dp/B000FW2NWQ?tag=eloabder-20&linkCode=osi&th=1&psc=1">View Product</a></div>
<div class="product"><a href="https://www.amazon.com/dp/B0BV2CQ5SW?tag=eloabder-20&linkCode=osi&th=1&psc=1"><img src="https://m.media-amazon.com/images/I/51VkTDjGg4L._SL500_.jpg" alt="Product Image"></a><p>Filterelated Mixed Bed Deionized Di Resin Filter Fill, Suitable For Spotless Car Wash System Filter Change, Tds Filter, Aquarium Filter, Deionized Car Wash,5 Liters</p><p>$49.99</p><a href="https://www.amazon.com/dp/B0BV2CQ5SW?tag=eloabder-20&linkCode=osi&th=1&psc=1">View Product</a></div><div class="product"><a href="https://www.amazon.com/dp/B01MRVQ9UE?tag=eloabder-20&linkCode=osi&th=1&psc=1"><img src="https://m.media-amazon.com/images/I/51+i6fjU6tL._SL500_.jpg" alt="Product Image"></a><p>Husqvarna XP Pre-Mixed Fuel and Engine Oil Quart (3 Pack),Blue</p><p>$32.99 ($0.34 / Count)</p><a href="https://www.amazon.com/dp/B01MRVQ9UE?tag=eloabder-20&linkCode=osi&th=1&psc=1">View Product</a></div>




<div class="product"><a href="https://www.amazon.com/dp/B01N2G2NEJ?tag=eloabder-20&linkCode=osi&th=1&psc=1"><img src="https://m.media-amazon.com/images/I/41-5g4zEDpL._SL500_.jpg" alt="Product Image"></a><p>Chemical Guys SPI10816 Heavy Duty Water Spot Remover, Safe for Cars, Trucks, Motorcycles, RVs & More, 16 fl oz</p><p>$17.97 ($1.12 / Fl Oz)</p><a href="https://www.amazon.com/dp/B01N2G2NEJ?tag=eloabder-20&linkCode=osi&th=1&psc=1">View Product</a></div>









<div class="product"><a href="https://www.amazon.com/dp/B08YRVH2QV?tag=eloabder-20&linkCode=osi&th=1&psc=1"><img src="https://m.media-amazon.com/images/I/5164O-Jr2QL._SL500_.jpg" alt="Product Image"></a><p>Thetford AquaMAX Summer Cypress Scent RV Holding Tank Treatment, Formaldehyde Free, Waste Digester, Septic Tank Safe, 5 Gallon Bottle (96754)</p><p>$248.18</p><a href="https://www.amazon.com/dp/B08YRVH2QV?tag=eloabder-20&linkCode=osi&th=1&psc=1">View Product</a></div><div class="product"><a href="https://www.amazon.com/dp/B0BPMW7485?tag=eloabder-20&linkCode=osi&th=1&psc=1"><img src="https://m.media-amazon.com/images/I/51WNuQeew7L._SL500_.jpg" alt="Product Image"></a><p>XFasten Butyl Tape Black 1/2” x 30’ x 1/8" Butyl Sealant Tape Headlight Sealant Putty Tape | Black Butyl Caulking Tape | Butyl Tape RV Putty Tape EPDM Automotive Butyl Rubber Window Sealant for RV</p><p>$13.99 ($0.47 / Foot)</p><a href="https://www.amazon.com/dp/B0BPMW7485?tag=eloabder-20&linkCode=osi&th=1&psc=1">View Product</a></div>
<div class="product"><a href="https://www.amazon.com/dp/B006DXWZQU?tag=eloabder-20&linkCode=osi&th=1&psc=1"><img src="https://m.media-amazon.com/images/I/41wtqfFFfQL._SL500_.jpg" alt="Product Image"></a><p>FRAM Ultra Synthetic Automotive Replacement Oil Filter, Designed for Synthetic Oil Changes Lasting up to 20k Miles, XG10575 with SureGrip (Pack of 1)</p><p>$10.79</p><a href="https://www.amazon.com/dp/B006DXWZQU?tag=eloabder-20&linkCode=osi&th=1&psc=1">View Product</a></div><div class="product"><a href="https://www.amazon.com/dp/B01LH7L0XA?tag=eloabder-20&linkCode=osi&th=1&psc=1"><img src="https://m.media-amazon.com/images/I/41yD3QmbyZL._SL500_.jpg" alt="Product Image"></a><p>Shell Rotella T4 Triple Protection Conventional 15W-40 Diesel Engine Oil (1-Gallon, Single Pack)</p><p>$15.98 ($0.12 / Fl Oz)</p><a href="https://www.amazon.com/dp/B01LH7L0XA?tag=eloabder-20&linkCode=osi&th=1&psc=1">View Product</a></div><div class="product"><a href="https://www.amazon.com/dp/B00ICSWGJ0?tag=eloabder-20&linkCode=osi&th=1&psc=1"><img src="https://m.media-amazon.com/images/I/41Ahz5dVc5L._SL500_.jpg" alt="Product Image"></a><p>Castrol Edge 5W-30 Advanced Full Synthetic Motor Oil, 5 Quarts</p><p>$24.72 ($0.15 / Fl Oz)</p><a href="https://www.amazon.com/dp/B00ICSWGJ0?tag=eloabder-20&linkCode=osi&th=1&psc=1">View Product</a></div><div class="product"><a href="https://www.amazon.com/dp/B01N8RPDT8?tag=eloabder-20&linkCode=osi&th=1&psc=1"><img src="https://m.media-amazon.com/images/I/41Qm+9e8sCL._SL500_.jpg" alt="Product Image"></a><p>Motorcraft - Oil - Engine (XO10W305Q3SD)</p><p>$32.27</p><a href="https://www.amazon.com/dp/B01N8RPDT8?tag=eloabder-20&linkCode=osi&th=1&psc=1">View Product</a></div>
<div class="product"><a href="https://www.amazon.com/dp/B07FTRZLM5?tag=eloabder-20&linkCode=osi&th=1&psc=1"><img src="https://m.media-amazon.com/images/I/416uoNYOsXL._SL500_.jpg" alt="Product Image"></a><p>Chemical Guys HOL126 14-Piece Arsenal Builder Car Wash Kit with Foam Gun, Bucket, and (5) 16 oz Car Care Cleaning Chemicals, Gift for Car & Truck Lovers, Dads and DIYers (Works w/Garden Hose)</p><p>$119.99</p><a href="https://www.amazon.com/dp/B07FTRZLM5?tag=eloabder-20&linkCode=osi&th=1&psc=1">View Product</a></div><div class="product"><a href="https://www.amazon.com/dp/B0741RL23Q?tag=eloabder-20&linkCode=osi&th=1&psc=1"><img src="https://m.media-amazon.com/images/I/410wwKZBYVL._SL500_.jpg" alt="Product Image"></a><p>Chemical Guys SPI220 Total Interior Cleaner and Protectant, Safe for Cars, Trucks, SUVs, Jeeps, Motorcycles, RVs & More, 128 fl oz (1 Gallon)</p><p>$54.99 ($0.43 / Fl Oz)</p><a href="https://www.amazon.com/dp/B0741RL23Q?tag=eloabder-20&linkCode=osi&th=1&psc=1">View Product</a></div><div class="product"><a href="https://www.amazon.com/dp/B002J7VX4Y?tag=eloabder-20&linkCode=osi&th=1&psc=1"><img src="https://m.media-amazon.com/images/I/41oijnffQ0L._SL500_.jpg" alt="Product Image"></a><p>Chemical Guys AIR_101_16 New Car Smell Premium Air Freshener and Odor Eliminator, Long-Lasting Scent, Great for Cars, Trucks, SUVs, RVs & More, 16 fl oz</p><p>$10.99 ($0.69 / Fl Oz)</p><a href="https://www.amazon.com/dp/B002J7VX4Y?tag=eloabder-20&linkCode=osi&th=1&psc=1">View Product</a></div><div class="product"><a href="https://www.amazon.com/dp/B077TPG55M?tag=eloabder-20&linkCode=osi&th=1&psc=1"><img src="https://m.media-amazon.com/images/I/51aYksYRthL._SL500_.jpg" alt="Product Image"></a><p>Chemical Guys CWS20264 Tough Mudder Foaming Truck, Off Road, ATV and RV Heavy Duty Wash Soap,(Works with Foam Cannons, Foam Guns or Bucket Washes), 64 fl oz (Half Gallon), Lemon Scent</p><p>$39.99 ($0.62 / Fl Oz)</p><a href="https://www.amazon.com/dp/B077TPG55M?tag=eloabder-20&linkCode=osi&th=1&psc=1">View Product</a></div><div class="product"><a href="https://www.amazon.com/dp/B00BJCAPEE?tag=eloabder-20&linkCode=osi&th=1&psc=1"><img src="https://m.media-amazon.com/images/I/416RIPKVW1L._SL500_.jpg" alt="Product Image"></a><p>Chemical Guys CWS_402 Mr. Pink Foaming Car Wash Soap (Works with Foam Cannons, Foam Guns or Bucket Washes) Safe for Cars, Trucks, Motorcycles, RVs & More, 128 fl oz, Candy Scent</p><p>$39.99 ($0.31 / Fl Oz)</p><a href="https://www.amazon.com/dp/B00BJCAPEE?tag=eloabder-20&linkCode=osi&th=1&psc=1">View Product</a></div><div class="product"><a href="https://www.amazon.com/dp/B01C6AISUK?tag=eloabder-20&linkCode=osi&th=1&psc=1"><img src="https://m.media-amazon.com/images/I/41FrDCDPB6S._SL500_.jpg" alt="Product Image"></a><p>Chemical Guys CLD_700_16 Mat Renew Rubber + Vinyl Floor Mat Cleaner And Protectant, Safe for Cars, Trucks, SUVs, Motorcycles, RVs & More, 16 fl oz</p><p>$10.99 ($0.69 / Fl Oz)</p><a href="https://www.amazon.com/dp/B01C6AISUK?tag=eloabder-20&linkCode=osi&th=1&psc=1">View Product</a></div><div class="product"><a href="https://www.amazon.com/dp/B01N76S0A7?tag=eloabder-20&linkCode=osi&th=1&psc=1"><img src="https://m.media-amazon.com/images/I/51jurhYPCgL._SL500_.jpg" alt="Product Image"></a><p>Chemical Guys HOL131 Premium Chenille Microfiber Car Wash Mop and Heavy Duty Extendable Pole Kit (Great for RVs, Trucks, SUVs, Jeeps & Large Vehicles), With Mr. Pink Foaming Car Wash Soap - 4 fl oz</p><p>$49.99</p><a href="https://www.amazon.com/dp/B01N76S0A7?tag=eloabder-20&linkCode=osi&th=1&psc=1">View Product</a></div><div class="product"><a href="https://www.amazon.com/dp/B009OTW646?tag=eloabder-20&linkCode=osi&th=1&psc=1"><img src="https://m.media-amazon.com/images/I/41lG36UqLBL._SL500_.jpg" alt="Product Image"></a><p>Chemical Guys CWS 110 Honeydew Snow Foam Car Wash Soap (Works with Foam Cannons, Guns or Bucket Washes) Safe for Trucks, Motorcycles, RVs & More, 128 fl oz (1 Gallon), Honeydew Scent</p><p>$39.99 ($0.31 / Fl Oz)</p><a href="https://www.amazon.com/dp/B009OTW646?tag=eloabder-20&linkCode=osi&th=1&psc=1">View Product</a></div><div class="product"><a href="https://www.amazon.com/dp/B08P54Z2C2?tag=eloabder-20&linkCode=osi&th=1&psc=1"><img src="https://m.media-amazon.com/images/I/41Ra65iS2OL._SL500_.jpg" alt="Product Image"></a><p>Chemical Guys WAC23316 HydroSpeed Ceramic Quick Detailer, Safe for Cars, Trucks, SUVs, Motorcycles, RVs & More, 16 fl oz</p><p>$24.99</p><a href="https://www.amazon.com/dp/B08P54Z2C2?tag=eloabder-20&linkCode=osi&th=1&psc=1">View Product</a></div>
<div class="product"><a href="https://www.amazon.com/dp/B0C7WLPQC7?tag=eloabder-20&linkCode=osi&th=1&psc=1"><img src="https://m.media-amazon.com/images/I/41hJeSxsSWL._SL500_.jpg" alt="Product Image"></a><p>Detail King Car Odor Removal - Chlorine Dioxide Cup - Extreme Odor Eliminator For Car - Safe And Easy To Use (3 Oz (Pack of 1) - Plastic)</p><p>$24.95 ($8.32 / Ounce)</p><a href="https://www.amazon.com/dp/B0C7WLPQC7?tag=eloabder-20&linkCode=osi&th=1&psc=1">View Product</a></div>

<div class="product"><a href="https://www.amazon.com/dp/B0052XFWCG?tag=eloabder-20&linkCode=osi&th=1&psc=1"><img src="https://m.media-amazon.com/images/I/41qajeJVXLL._SL500_.jpg" alt="Product Image"></a><p>Hot Shot's Secret HSS64Z Original Stiction Eliminator 64 Fluid Ounce Bottle, Green</p><p>$53.45 ($0.84 / Fl Oz)</p><a href="https://www.amazon.com/dp/B0052XFWCG?tag=eloabder-20&linkCode=osi&th=1&psc=1">View Product</a></div><div class="product"><a href="https://www.amazon.com/dp/B009M64CAW?tag=eloabder-20&linkCode=osi&th=1&psc=1"><img src="https://m.media-amazon.com/images/I/417D8X0nkBL._SL500_.jpg" alt="Product Image"></a><p>Lucas Oil 10679 Hot Rod & Classic Car SAE 10W-30 Motor Oil - 5 Quart</p><p>$38.50 ($0.24 / Fl Oz)</p><a href="https://www.amazon.com/dp/B009M64CAW?tag=eloabder-20&linkCode=osi&th=1&psc=1">View Product</a></div><div class="product"><a href="https://www.amazon.com/dp/B01L9ARY9O?tag=eloabder-20&linkCode=osi&th=1&psc=1"><img src="https://m.media-amazon.com/images/I/51yaZAYH75L._SL500_.jpg" alt="Product Image"></a><p>FPPF Chemical Co 00161 16 OZ HOT 4-in-1 Heating Oil Treatment (2 Bottles)</p><p>$26.42</p><a href="https://www.amazon.com/dp/B01L9ARY9O?tag=eloabder-20&linkCode=osi&th=1&psc=1">View Product</a></div><div class="product"><a href="https://www.amazon.com/dp/B009M64CUM?tag=eloabder-20&linkCode=osi&th=1&psc=1"><img src="https://m.media-amazon.com/images/I/41yiWaF8YQL._SL500_.jpg" alt="Product Image"></a><p>Lucas Oil 10683 Hot Rod & Classic Car SAE 10W-40 Motor Oil - 5 Quart</p><p>$43.24 ($0.27 / Fl Oz)</p><a href="https://www.amazon.com/dp/B009M64CUM?tag=eloabder-20&linkCode=osi&th=1&psc=1">View Product</a></div><div class="product"><a href="https://www.amazon.com/dp/B0973HNRH9?tag=eloabder-20&linkCode=osi&th=1&psc=1"><img src="https://m.media-amazon.com/images/I/41kyGGJa--L._SL500_.jpg" alt="Product Image"></a><p>Hot Shot's Secret FR3 Friction Reducer 64 Fluid Ounce 2 Quarts, Light Yellow Liquid, (HSSFR364Z)</p><p>$59.73 ($0.93 / Fl Oz)</p><a href="https://www.amazon.com/dp/B0973HNRH9?tag=eloabder-20&linkCode=osi&th=1&psc=1">View Product</a></div><div class="product"><a href="https://www.amazon.com/dp/B082YFQQ25?tag=eloabder-20&linkCode=osi&th=1&psc=1"><img src="https://m.media-amazon.com/images/I/511PTX7LlZL._SL500_.jpg" alt="Product Image"></a><p>Hot Shot's Secret Green Diamond 100 Percent Synthetic 15W40 Oil Diesel 1 Gallon</p><p>$39.99 ($0.31 / Fl Oz)</p><a href="https://www.amazon.com/dp/B082YFQQ25?tag=eloabder-20&linkCode=osi&th=1&psc=1">View Product</a></div>















<div class="product"><a href="https://www.amazon.com/dp/B08PTMXCJL?tag=eloabder-20&linkCode=osi&th=1&psc=1"><img src="https://m.media-amazon.com/images/I/410eJv-7UHL._SL500_.jpg" alt="Product Image"></a><p>Moly Grease | 3% Molybdenum Disulfide | Fifth Wheel | 5th | Automotive | Tractor | Axle | Spline | CV Joint | Lithium EP Grease | High Temp | 35 LB Pail Bucket | Black Moly | NLGI 2 | HeavyDuty Moly</p><p>$174.99 ($0.31 / Ounce)</p><a href="https://www.amazon.com/dp/B08PTMXCJL?tag=eloabder-20&linkCode=osi&th=1&psc=1">View Product</a></div><div class="product"><a href="https://www.amazon.com/dp/B08PTHJTK5?tag=eloabder-20&linkCode=osi&th=1&psc=1"><img src="https://m.media-amazon.com/images/I/41VdMjJ38aL._SL500_.jpg" alt="Product Image"></a><p>Wheel Bearing Grease Pail | Lithium Complex | High Temp EP | CV Joint | Axle | Automotive | Tractor | Truck | Ball Joint | Marine Boat | Gear | Heavy Duty | Blue | 35 LB Bucket | NLGI 2 | MultiPurpose</p><p>$167.99 ($0.30 / Ounce)</p><a href="https://www.amazon.com/dp/B08PTHJTK5?tag=eloabder-20&linkCode=osi&th=1&psc=1">View Product</a></div><div class="product"><a href="https://www.amazon.com/dp/B0013J1UA6?tag=eloabder-20&linkCode=osi&th=1&psc=1"><img src="https://m.media-amazon.com/images/I/41G0Fkf7KnL._SL500_.jpg" alt="Product Image"></a><p>CRC Food Grade Chain Lube 03055 – 12 Wt. Oz. Aerosol, NSF H1 Gear, Chain, and Wire Lubricant</p><p>$19.25 ($1.60 / Ounce)</p><a href="https://www.amazon.com/dp/B0013J1UA6?tag=eloabder-20&linkCode=osi&th=1&psc=1">View Product</a></div>





<div class="product"><a href="https://www.amazon.com/dp/B08GQ9G2V5?tag=eloabder-20&linkCode=osi&th=1&psc=1"><img src="https://m.media-amazon.com/images/I/511+rapOlWL._SL500_.jpg" alt="Product Image"></a><p>Armor All Car Air Freshener and Purifier, Car Odor Eliminator, 1.5 Ounce (Pack of 3)</p><p>$21.21 ($4.71 / Ounce)</p><a href="https://www.amazon.com/dp/B08GQ9G2V5?tag=eloabder-20&linkCode=osi&th=1&psc=1">View Product</a></div>







<div class="product"><a href="https://www.amazon.com/dp/B001229JCU?tag=eloabder-20&linkCode=osi&th=1&psc=1"><img src="https://m.media-amazon.com/images/I/31W6FuKPMcL._SL500_.jpg" alt="Product Image"></a><p>First Alert EZ Fire Spray, Extinguishing Aerosol Spray, AF400 Red 18 Ounce (Pack of 1)</p><p>$12.49</p><a href="https://www.amazon.com/dp/B001229JCU?tag=eloabder-20&linkCode=osi&th=1&psc=1">View Product</a></div><div class="product"><a href="https://www.amazon.com/dp/B002U0KGDY?tag=eloabder-20&linkCode=osi&th=1&psc=1"><img src="https://m.media-amazon.com/images/I/51p6R+mcRhL._SL500_.jpg" alt="Product Image"></a><p>First Alert EZ Fire Spray, Extinguishing Aerosol Spray, Pack of 2, AF400-2, RED</p><p>$27.02</p><a href="https://www.amazon.com/dp/B002U0KGDY?tag=eloabder-20&linkCode=osi&th=1&psc=1">View Product</a></div>
<div class="product"><a href="https://www.amazon.com/dp/B0088LVBUQ?tag=eloabder-20&linkCode=osi&th=1&psc=1"><img src="https://m.media-amazon.com/images/I/31h7l-l6u2L._SL500_.jpg" alt="Product Image"></a><p>Seymour EN-59 Hi-Tech Engine Spray Paint, General Motors Red</p><p>$9.08 ($0.76 / Ounce)</p><a href="https://www.amazon.com/dp/B0088LVBUQ?tag=eloabder-20&linkCode=osi&th=1&psc=1">View Product</a></div>




<div class="product"><a href="https://www.amazon.com/dp/B000HBNU9K?tag=eloabder-20&linkCode=osi&th=1&psc=1"><img src="https://m.media-amazon.com/images/I/41URzfKaVsL._SL500_.jpg" alt="Product Image"></a><p>Permatex 27828 Body Shop Heavy Duty Headliner Adhesive, High-Strength Spray Adhesive, Repair Detached Or Loose Interior Parts, Dries Clear, Aerosol Can, 16.75 Oz</p><p>$17.05 ($1.02 / Ounce)</p><a href="https://www.amazon.com/dp/B000HBNU9K?tag=eloabder-20&linkCode=osi&th=1&psc=1">View Product</a></div><div class="product"><a href="https://www.amazon.com/dp/B001VXXEXU?tag=eloabder-20&linkCode=osi&th=1&psc=1"><img src="https://m.media-amazon.com/images/I/5112onMwzaL._SL500_.jpg" alt="Product Image"></a><p>Vibra-TITE 213 Red VC-3 Original Threadmate, 250ml Can</p><p>$99.19</p><a href="https://www.amazon.com/dp/B001VXXEXU?tag=eloabder-20&linkCode=osi&th=1&psc=1">View Product</a></div><div class="product"><a href="https://www.amazon.com/dp/B0CWPSLTR1?tag=eloabder-20&linkCode=osi&th=1&psc=1"><img src="https://m.media-amazon.com/images/I/31ytleZjjaL._SL500_.jpg" alt="Product Image"></a><p>P & S PROFESSIONAL DETAIL PRODUCTS - Terminator Enzyme Spot and Stain Remover - Perfect for Deodorizing, Removing Embedded Soils, Grease, Dirt, and Protein-Based Stains; Fresh Scent (1 Quart)</p><p>$25.95 ($0.81 / Fl Oz)</p><a href="https://www.amazon.com/dp/B0CWPSLTR1?tag=eloabder-20&linkCode=osi&th=1&psc=1">View Product</a></div><div class="product"><a href="https://www.amazon.com/dp/B07GFNQL9H?tag=eloabder-20&linkCode=osi&th=1&psc=1"><img src="https://m.media-amazon.com/images/I/41AA3Nbt8OL._SL500_.jpg" alt="Product Image"></a><p>Gunk FEB1 Foamy Engine Brite Engine Cleaner - 17oz. 2 Pack</p><p>$17.95 ($0.53 / Ounce)</p><a href="https://www.amazon.com/dp/B07GFNQL9H?tag=eloabder-20&linkCode=osi&th=1&psc=1">View Product</a></div>



<div class="product"><a href="https://www.amazon.com/dp/B003SKCARK?tag=eloabder-20&linkCode=osi&th=1&psc=1"><img src="https://m.media-amazon.com/images/I/41rvU5irgRL._SL500_.jpg" alt="Product Image"></a><p>Obenauf's Heavy Duty LP Leather Preservative (4oz)- All Natural Beeswax Oil Conditioner- Rejuvenate Restore & Preserve Sunfaded or Cracked Boots Jackets Saddles Car Auto Upholstery Furniture- USA Made</p><p>$15.99</p><a href="https://www.amazon.com/dp/B003SKCARK?tag=eloabder-20&linkCode=osi&th=1&psc=1">View Product</a></div>
Aucun résultat trouvé.

<div class="product"><a href="https://www.amazon.com/dp/B0CLWDDWHX?tag=eloabder-20&linkCode=osi&th=1&psc=1"><img src="https://m.media-amazon.com/images/I/51HPMtia03L._SL500_.jpg" alt="Product Image"></a><p>Fire Fix Fire Extinguisher for Home 5-Pack | Made in USA | Emergency Fire Spray Foam for Apartment, Boat, Camping, Car, House, Kitchen & Vehicle | Safety & Survival | Compact, Small, Safe & Easy Use</p><p>$56.95</p><a href="https://www.amazon.com/dp/B0CLWDDWHX?tag=eloabder-20&linkCode=osi&th=1&psc=1">View Product</a></div><div class="product"><a href="https://www.amazon.com/dp/B0CKZF9H3D?tag=eloabder-20&linkCode=osi&th=1&psc=1"><img src="https://m.media-amazon.com/images/I/41+Q4YdByuL._SL500_.jpg" alt="Product Image"></a><p>Firexo All Fires Fire Extinguisher - Multipurpose Mini Aerosol - Pack of 6 - Home, Kitchen, Car, Garage, Boat, Caravan, Camping Household, ABC, Vehicle, Compact, RV, Emergency Equipment (0.1 Gal)</p><p>$139.99</p><a href="https://www.amazon.com/dp/B0CKZF9H3D?tag=eloabder-20&linkCode=osi&th=1&psc=1">View Product</a></div>
Aucun résultat trouvé.
Aucun résultat trouvé.






<div class="product"><a href="https://www.amazon.com/dp/B00FOKOKMU?tag=eloabder-20&linkCode=osi&th=1&psc=1"><img src="https://m.media-amazon.com/images/I/41KsUW-6WOL._SL500_.jpg" alt="Product Image"></a><p>The Original Leather Recoloring Balm by Furniture Clinic - 16 Colors - Leather Repair Kit for Furniture - Restore Couches, Car Seats & More - Leather Dye for Scratched and Faded Leather (Beige)</p><p>$29.95</p><a href="https://www.amazon.com/dp/B00FOKOKMU?tag=eloabder-20&linkCode=osi&th=1&psc=1">View Product</a></div>


<div class="product"><a href="https://www.amazon.com/dp/B0BQX6CPLS?tag=eloabder-20&linkCode=osi&th=1&psc=1"><img src="https://m.media-amazon.com/images/I/51OtuHOIJpL._SL500_.jpg" alt="Product Image"></a><p>Dry Stop Fire Spray by Prepared Hero - 8 Pack - Portable Fire Extinguisher for Home, Car, Garage, Kitchen - Works on Electrical, Grease, Battery Fires & More - Compact, Easy to Use</p><p>$143.99</p><a href="https://www.amazon.com/dp/B0BQX6CPLS?tag=eloabder-20&linkCode=osi&th=1&psc=1">View Product</a></div><div class="product"><a href="https://www.amazon.com/dp/B0BQX76B9K?tag=eloabder-20&linkCode=osi&th=1&psc=1"><img src="https://m.media-amazon.com/images/I/51iHCSuHw5L._SL500_.jpg" alt="Product Image"></a><p>Vapor Clean Fire Spray by Prepared Hero - 8 Pack - Portable Fire Extinguisher for Home, Car, Garage, Kitchen - Works on Electrical, Grease, Battery Fires & More - Compact, Easy to Use</p><p>$143.99</p><a href="https://www.amazon.com/dp/B0BQX76B9K?tag=eloabder-20&linkCode=osi&th=1&psc=1">View Product</a></div><div class="product"><a href="https://www.amazon.com/dp/B0C32NVZJZ?tag=eloabder-20&linkCode=osi&th=1&psc=1"><img src="https://m.media-amazon.com/images/I/61coxTM3mSL._SL500_.jpg" alt="Product Image"></a><p>Houandg Water-Based Fire Extinguisher- 2 Pack Portable Solution for All Fire Types in Homes, Vehicles, Kitchens - Prevents Re-Ignition</p><p>$33.98</p><a href="https://www.amazon.com/dp/B0C32NVZJZ?tag=eloabder-20&linkCode=osi&th=1&psc=1">View Product</a></div>
<div class="product"><a href="https://www.amazon.com/dp/B00L3W1OAO?tag=eloabder-20&linkCode=osi&th=1&psc=1"><img src="https://m.media-amazon.com/images/I/414uILMLuaL._SL500_.jpg" alt="Product Image"></a><p>Pro F/X Rubber Mask Grease Wheel - 1 Ounce - Trauma</p><p>$27.01</p><a href="https://www.amazon.com/dp/B00L3W1OAO?tag=eloabder-20&linkCode=osi&th=1&psc=1">View Product</a></div>
<div class="product"><a href="https://www.amazon.com/dp/B0CZ16SHCH?tag=eloabder-20&linkCode=osi&th=1&psc=1"><img src="https://m.media-amazon.com/images/I/31pYxaz4gYL._SL500_.jpg" alt="Product Image"></a><p>P & S PROFESSIONAL DETAIL PRODUCTS - Rehab - Paint Correction Creme Safe for All Paint Types and with Multiple pad Types - Easy-to-use-Formula Works at Any Stage of Paint Correction - 1 Quart</p><p>$56.95</p><a href="https://www.amazon.com/dp/B0CZ16SHCH?tag=eloabder-20&linkCode=osi&th=1&psc=1">View Product</a></div><div class="product"><a href="https://www.amazon.com/dp/B082BG8HLX?tag=eloabder-20&linkCode=osi&th=1&psc=1"><img src="https://m.media-amazon.com/images/I/31OAXbv7QFL._SL500_.jpg" alt="Product Image"></a><p>Lithium Auto Elixirs Color Crush- A rather intense approach to an Instant Detailer, Infused with color enhancing technology - Extremely Hydrophobic ingredients, long lasting Instant Detailer</p><p>$19.95 ($1.25 / Fl Oz)</p><a href="https://www.amazon.com/dp/B082BG8HLX?tag=eloabder-20&linkCode=osi&th=1&psc=1">View Product</a></div><div class="product"><a href="https://www.amazon.com/dp/B07MTPWZ76?tag=eloabder-20&linkCode=osi&th=1&psc=1"><img src="https://m.media-amazon.com/images/I/41v5yubrqoL._SL500_.jpg" alt="Product Image"></a><p>Lithium Seal and Squeal Paint Sealant/Polish - Incredible Shine and Lasting Protection - Curable Amino Functional Polymers Fused with Si02 Ceramic Nano Technology -Lasts for up to 12 Months (16 oz)</p><p>$39.99 ($2.50 / Ounce)</p><a href="https://www.amazon.com/dp/B07MTPWZ76?tag=eloabder-20&linkCode=osi&th=1&psc=1">View Product</a></div><div class="product"><a href="https://www.amazon.com/dp/B07MVNX377?tag=eloabder-20&linkCode=osi&th=1&psc=1"><img src="https://m.media-amazon.com/images/I/31gEqFf7rhL._SL500_.jpg" alt="Product Image"></a><p>Leather Love - The Best Leather Conditioner On The Planet, Brings Old Leather Back To Life, All Natural Ingredients Mixed With Serious Science, Restores, Rehydrates, Protects (8oz)</p><p>$28.99 ($3.62 / Ounce)</p><a href="https://www.amazon.com/dp/B07MVNX377?tag=eloabder-20&linkCode=osi&th=1&psc=1">View Product</a></div><div class="product"><a href="https://www.amazon.com/dp/B07MTQP514?tag=eloabder-20&linkCode=osi&th=1&psc=1"><img src="https://m.media-amazon.com/images/I/311IYwH-oaL._SL500_.jpg" alt="Product Image"></a><p>Trim Serum- Plastic Restorer- Restores Even the Most Damaged Plastic, Rubber and Vinyl, Last For Months, Penetrates Plastic Pores Restoring Color. (16 Oz)</p><p>$36.99</p><a href="https://www.amazon.com/dp/B07MTQP514?tag=eloabder-20&linkCode=osi&th=1&psc=1">View Product</a></div><div class="product"><a href="https://www.amazon.com/dp/B07236X7TS?tag=eloabder-20&linkCode=osi&th=1&psc=1"><img src="https://m.media-amazon.com/images/I/51-mgxYD9kL._SL500_.jpg" alt="Product Image"></a><p>Skidmore's Biker Edition Leather Cream | All Natural Formula Cleans, Conditions, and Protects your Motorcycle | Made in USA</p><p>$44.98</p><a href="https://www.amazon.com/dp/B07236X7TS?tag=eloabder-20&linkCode=osi&th=1&psc=1">View Product</a></div><div class="product"><a href="https://www.amazon.com/dp/B001CS6HH4?tag=eloabder-20&linkCode=osi&th=1&psc=1"><img src="https://m.media-amazon.com/images/I/41wY0SB+DWL._SL500_.jpg" alt="Product Image"></a><p>Fiebing's Yellow Saddle Soap for Leather (3.5 oz Tin) - Leather Cleaner & Conditioner to Soften, Protect & Restore Leathercraft - Leather Soap for Car Seat, Couch, Shoe, Purse, Boot, Bag, & Saddles</p><p>$7.15 ($2.04 / Ounce)</p><a href="https://www.amazon.com/dp/B001CS6HH4?tag=eloabder-20&linkCode=osi&th=1&psc=1">View Product</a></div><div class="product"><a href="https://www.amazon.com/dp/B08RHZ1BKD?tag=eloabder-20&linkCode=osi&th=1&psc=1"><img src="https://m.media-amazon.com/images/I/21WKh31c4tL._SL500_.jpg" alt="Product Image"></a><p>Lithium Ignite After Wash - Conditions and Shines Surfaces as You Dry. Streak-Free Hydrophobic Formula adds Lubrication to Stop Micro Scratching While Surfaces pop with Color.</p><p>$21.99 ($1.37 / Fl Oz)</p><a href="https://www.amazon.com/dp/B08RHZ1BKD?tag=eloabder-20&linkCode=osi&th=1&psc=1">View Product</a></div><div class="product"><a href="https://www.amazon.com/dp/B0003A1T3E?tag=eloabder-20&linkCode=osi&th=1&psc=1"><img src="https://m.media-amazon.com/images/I/41042PKJ1ZL._SL500_.jpg" alt="Product Image"></a><p>URAD One step All-In-One Leather conditioner 140g - NEUTRAL</p><p>$16.13</p><a href="https://www.amazon.com/dp/B0003A1T3E?tag=eloabder-20&linkCode=osi&th=1&psc=1">View Product</a></div>

<div class="product"><a href="https://www.amazon.com/dp/B0B3NFH3QY?tag=eloabder-20&linkCode=osi&th=1&psc=1"><img src="https://m.media-amazon.com/images/I/51sKVZnP-WL._SL500_.jpg" alt="Product Image"></a><p>Little Joe 96427-6PK I Love Hockey New Car Scent Red Car Air Freshener A/C Vent Clip Uses Alcohol-Free Fragrance Oil is Non-Hazardous and Non-Toxic Plastic, Pack of 6</p><p>$21.99 ($3.66 / Count)</p><a href="https://www.amazon.com/dp/B0B3NFH3QY?tag=eloabder-20&linkCode=osi&th=1&psc=1">View Product</a></div><div class="product"><a href="https://www.amazon.com/dp/B072275K82?tag=eloabder-20&linkCode=osi&th=1&psc=1"><img src="https://m.media-amazon.com/images/I/41wDnF6SiAL._SL500_.jpg" alt="Product Image"></a><p>Little Joe 96404-6PK Fruit Scent, Car Air Freshener, Clips to A/C Air Vent, Alcohol-Free Fragrance Oil, Non-Hazardous and Non-Toxic Plastic, Set of 6</p><p>$16.60 ($2.77 / Count)</p><a href="https://www.amazon.com/dp/B072275K82?tag=eloabder-20&linkCode=osi&th=1&psc=1">View Product</a></div><div class="product"><a href="https://www.amazon.com/dp/B0CQPQ2S4W?tag=eloabder-20&linkCode=osi&th=1&psc=1"><img src="https://m.media-amazon.com/images/I/31iRknmvjeL._SL500_.jpg" alt="Product Image"></a><p>Little Pup 96613 Blue Raspberry Slushy Scent Car Air Freshener A/C Vent Clip Uses Alcohol-Free Fragrance Oil is Non Hazardous and Non Toxic, Pack of 1</p><p>$3.94</p><a href="https://www.amazon.com/dp/B0CQPQ2S4W?tag=eloabder-20&linkCode=osi&th=1&psc=1">View Product</a></div><div class="product"><a href="https://www.amazon.com/dp/B0CQPNMTM4?tag=eloabder-20&linkCode=osi&th=1&psc=1"><img src="https://m.media-amazon.com/images/I/41eEovL+zML._SL500_.jpg" alt="Product Image"></a><p>Little Joe 96414-6PK Orange Creamsicle Scent Car Air Freshener A/C Vent Clip Uses Alcohol-Free Fragrance Oil is Non-Hazardous and Non-Toxic Plastic, Pack of 6</p><p>$25.99 ($4.33 / Count)</p><a href="https://www.amazon.com/dp/B0CQPNMTM4?tag=eloabder-20&linkCode=osi&th=1&psc=1">View Product</a></div><div class="product"><a href="https://www.amazon.com/dp/B0CH9KNNZN?tag=eloabder-20&linkCode=osi&th=1&psc=1"><img src="https://m.media-amazon.com/images/I/41jX66PGMTL._SL500_.jpg" alt="Product Image"></a><p>TAKAVU Clay Bars Auto Detailing 2 Pack X 100g, Premium Grade Material, Magic Clay Bar Cleaner for Cars, RV, Boat and Bus (Grey)</p><p>$9.99</p><a href="https://www.amazon.com/dp/B0CH9KNNZN?tag=eloabder-20&linkCode=osi&th=1&psc=1">View Product</a></div>

<div class="product"><a href="https://www.amazon.com/dp/B004UM6DLE?tag=eloabder-20&linkCode=osi&th=1&psc=1"><img src="https://m.media-amazon.com/images/I/314nawyx6sL._SL500_.jpg" alt="Product Image"></a><p>CARPRO IronX Iron Remover: Stops Rust Spots and Pre-Mature Failure of The Clear Coat, Iron Contaminant Removal - 500mL with Sprayer (17oz)</p><p>$26.78</p><a href="https://www.amazon.com/dp/B004UM6DLE?tag=eloabder-20&linkCode=osi&th=1&psc=1">View Product</a></div><div class="product"><a href="https://www.amazon.com/dp/B01HXZXO98?tag=eloabder-20&linkCode=osi&th=1&psc=1"><img src="https://m.media-amazon.com/images/I/41Ne9OfQGzL._SL500_.jpg" alt="Product Image"></a><p>Chemical Guys CWS80316 Clean Slate Deep Surface Cleaning Car Wash Soap (Removes Old Car Waxes, Glazes & Sealants for Superior Surface Prep), 16 fl oz, Citrus Scent</p><p>$11.99 ($0.75 / Fl Oz)</p><a href="https://www.amazon.com/dp/B01HXZXO98?tag=eloabder-20&linkCode=osi&th=1&psc=1">View Product</a></div><div class="product"><a href="https://www.amazon.com/dp/B07C39H9YX?tag=eloabder-20&linkCode=osi&th=1&psc=1"><img src="https://m.media-amazon.com/images/I/31yK3Vb5xWL._SL500_.jpg" alt="Product Image"></a><p>Adam's Polishes Iron Remover (16oz) - Iron Out Fallout Rust Remover Spray for Car Detailing | Remove Iron Particles in Car Paint, Motorcycle, RV & Boat | Use Before Clay Bar, Car Wax or Car Wash</p><p>$16.99</p><a href="https://www.amazon.com/dp/B07C39H9YX?tag=eloabder-20&linkCode=osi&th=1&psc=1">View Product</a></div><div class="product"><a href="https://www.amazon.com/dp/B0BTJ9DJM5?tag=eloabder-20&linkCode=osi&th=1&psc=1"><img src="https://m.media-amazon.com/images/I/41tNMqlDrxL._SL500_.jpg" alt="Product Image"></a><p>Torque Detail Decon Wash Pack - Decontamination Soap 8oz + Wash Mitt - Surface Strip Wash Car Shampoo - Highly Absorbent Microfiber Chenille Car Wash Mitt Safely Cleans Your Vehicles Entire Surface</p><p>$24.95 ($3.12 / Fl Oz)</p><a href="https://www.amazon.com/dp/B0BTJ9DJM5?tag=eloabder-20&linkCode=osi&th=1&psc=1">View Product</a></div><div class="product"><a href="https://www.amazon.com/dp/B013K5V9PQ?tag=eloabder-20&linkCode=osi&th=1&psc=1"><img src="https://m.media-amazon.com/images/I/41V3rm6NlZL._SL500_.jpg" alt="Product Image"></a><p>CARPRO PolyShave Decon Towel - Car Detailing Clay Decontamination Faster than Clay Bar, Clean & Release of Paint Contaminants and Glass - Increase Wax and Sealant Bond - 12" x 12" (1 Pack)</p><p>$39.97</p><a href="https://www.amazon.com/dp/B013K5V9PQ?tag=eloabder-20&linkCode=osi&th=1&psc=1">View Product</a></div><div class="product"><a href="https://www.amazon.com/dp/B0B788NBWG?tag=eloabder-20&linkCode=osi&th=1&psc=1"><img src="https://m.media-amazon.com/images/I/51NDfAOuEmL._SL500_.jpg" alt="Product Image"></a><p>P & S Professional Detail Products - Clay Decontamination Towel - Effective Cleaning & Release of Paint Contaminants; Increase Wax & Sealant Bond; Enhance Gloss & Depth of Color; Fine Grade-12" x 12"</p><p>$34.95</p><a href="https://www.amazon.com/dp/B0B788NBWG?tag=eloabder-20&linkCode=osi&th=1&psc=1">View Product</a></div><div class="product"><a href="https://www.amazon.com/dp/B0B27TFK69?tag=eloabder-20&linkCode=osi&th=1&psc=1"><img src="https://m.media-amazon.com/images/I/41zJPQIcqeL._SL500_.jpg" alt="Product Image"></a><p>The Rag Company - Ultra Clay Decontamination Mitt - Easy to Use; Effective Cleaning & Release of Paint Contaminants; Increase Wax & Sealant Bond; Enhance Gloss &Color Depth; Fine Grade (8.7"x5.7")</p><p>$34.95</p><a href="https://www.amazon.com/dp/B0B27TFK69?tag=eloabder-20&linkCode=osi&th=1&psc=1">View Product</a></div><div class="product"><a href="https://www.amazon.com/dp/B0C6XBN14N?tag=eloabder-20&linkCode=osi&th=1&psc=1"><img src="https://m.media-amazon.com/images/I/31BSavOJ89L._SL500_.jpg" alt="Product Image"></a><p>3D Iron Remover GLW Series | DIY Car Detailing | Hyper Effective Wheel Decontamination | Removes Iron Particles, Dirt, Brake Dust | Rapid Results | Ultimate Iron & Surface Contaminate Eliminator, 16oz</p><p>$17.99</p><a href="https://www.amazon.com/dp/B0C6XBN14N?tag=eloabder-20&linkCode=osi&th=1&psc=1">View Product</a></div>







<div class="product"><a href="https://www.amazon.com/dp/B0D2SPCW3G?tag=eloabder-20&linkCode=osi&th=1&psc=1"><img src="https://m.media-amazon.com/images/I/41JYIg6xqqL._SL500_.jpg" alt="Product Image"></a><p>Crankcase Ventilation Oil Separator with Gasket Compatible for 2008-2014 Volvo Mack D13 D16 MP8 Engine Replace 21122541 20499419</p><p>$155.99</p><a href="https://www.amazon.com/dp/B0D2SPCW3G?tag=eloabder-20&linkCode=osi&th=1&psc=1">View Product</a></div>

<div class="product"><a href="https://www.amazon.com/dp/B0C6M2FHGX?tag=eloabder-20&linkCode=osi&th=1&psc=1"><img src="https://m.media-amazon.com/images/I/21wWRrpHdbL._SL500_.jpg" alt="Product Image"></a><p>eMagTech 9PCS Warning Sign Please No Smoking Vaping Food Drink Stickers 110x50mm Self-Adhesive Vinyl Window Decal for Car Taxis Buses Minibuses</p><p>$9.49</p><a href="https://www.amazon.com/dp/B0C6M2FHGX?tag=eloabder-20&linkCode=osi&th=1&psc=1">View Product</a></div>

Aucun résultat trouvé.

<div class="product"><a href="https://www.amazon.com/dp/B0CVWZZMRY?tag=eloabder-20&linkCode=osi&th=1&psc=1"><img src="https://m.media-amazon.com/images/I/512y-1GwQNL._SL500_.jpg" alt="Product Image"></a><p>Jewkot 4 PCS Car Wiper Strip, 28" Boneless Structure Car Windshield Cleaning Wiper Strip, DIY Length Auxiliary Cleaning Replacement Accessory, Suitable for Most Cars, Vans, Trucks, Buses (Black)</p><p>$5.58</p><a href="https://www.amazon.com/dp/B0CVWZZMRY?tag=eloabder-20&linkCode=osi&th=1&psc=1">View Product</a></div>
<div class="product"><a href="https://www.amazon.com/dp/B07L3VQC6W?tag=eloabder-20&linkCode=osi&th=1&psc=1"><img src="https://m.media-amazon.com/images/I/41GebP+2HYL._SL500_.jpg" alt="Product Image"></a><p>BRISA VW Collection Volkswagen Air Freshener, Room Freshener, Deodorizer for Cars T1 Bus Campervan Motif (Citrus/Yellow/Set of 2)</p><p>$13.90 ($6.95 / Count)</p><a href="https://www.amazon.com/dp/B07L3VQC6W?tag=eloabder-20&linkCode=osi&th=1&psc=1">View Product</a></div><div class="product"><a href="https://www.amazon.com/dp/B07L3V86JS?tag=eloabder-20&linkCode=osi&th=1&psc=1"><img src="https://m.media-amazon.com/images/I/41TblWhKhQL._SL500_.jpg" alt="Product Image"></a><p>BRISA VW Collection Volkswagen Air Freshener, Room Freshener, Deodorizer for Cars T1 Bus Campervan Motif (New Car/Green/Set of 2)</p><p>$13.90 ($6.95 / Count)</p><a href="https://www.amazon.com/dp/B07L3V86JS?tag=eloabder-20&linkCode=osi&th=1&psc=1">View Product</a></div>


Aucun résultat trouvé.










<div class="product"><a href="https://www.amazon.com/dp/B099HL5SV2?tag=eloabder-20&linkCode=osi&th=1&psc=1"><img src="https://m.media-amazon.com/images/I/31kcR8HnylL._SL500_.jpg" alt="Product Image"></a><p>Philips GoPure GP5212 High Performance HEPA Air Purifier for Car, Removes up to 100 Pollutants, Exhaust Fumes, VOCs, Smoke, Bad Odors, Bacteria and Viruses</p><p>$77.59</p><a href="https://www.amazon.com/dp/B099HL5SV2?tag=eloabder-20&linkCode=osi&th=1&psc=1">View Product</a></div><div class="product"><a href="https://www.amazon.com/dp/B07TB419F7?tag=eloabder-20&linkCode=osi&th=1&psc=1"><img src="https://m.media-amazon.com/images/I/41l9XK-u-eL._SL500_.jpg" alt="Product Image"></a><p>Enoch Ionic Car Air Purifier with Dual USB Car Charger. Car Air Freshener Eliminates Odor, Dust. Removes Smoke, Pet and Food Odor. Ionic Ozone Car Deodorizer (Matt Black)</p><p>$24.50</p><a href="https://www.amazon.com/dp/B07TB419F7?tag=eloabder-20&linkCode=osi&th=1&psc=1">View Product</a></div><div class="product"><a href="https://www.amazon.com/dp/B08C9LKKMM?tag=eloabder-20&linkCode=osi&th=1&psc=1"><img src="https://m.media-amazon.com/images/I/41uJDRzxfrL._SL500_.jpg" alt="Product Image"></a><p>4WDKING Car Air Purifier Ionizer, 12V Plug-in Car Air Freshener Gadgets with Dual USB Charger Removes Cigarette Smoke, Pet and Food Odor, Ionic Ozone (Black)</p><p>$22.99</p><a href="https://www.amazon.com/dp/B08C9LKKMM?tag=eloabder-20&linkCode=osi&th=1&psc=1">View Product</a></div><div class="product"><a href="https://www.amazon.com/dp/B07C7D366L?tag=eloabder-20&linkCode=osi&th=1&psc=1"><img src="https://m.media-amazon.com/images/I/51GvjMcOskL._SL500_.jpg" alt="Product Image"></a><p>Car Air Purifier Ionizer - 12V Plug-in Ionic Anti-Microbial Car Deodorizer with Dual USB Charger - Smoke Smell, Pet and Food Odors, Allergens, Viruses Eliminator for Car (Matte Silver)</p><p>$24.99</p><a href="https://www.amazon.com/dp/B07C7D366L?tag=eloabder-20&linkCode=osi&th=1&psc=1">View Product</a></div><div class="product"><a href="https://www.amazon.com/dp/B086H3FW7T?tag=eloabder-20&linkCode=osi&th=1&psc=1"><img src="https://m.media-amazon.com/images/I/51FfQTz4koL._SL500_.jpg" alt="Product Image"></a><p>bmbu 1000g Large Bamboo Charcoal Air Purifier Bag - Car Deodorizer/Car Freshener - Remove Odor and Control Moisture in Your RV, Camper, SUV, Car, Truck, Closet, Mobile Home, Storage - Non Fragrant</p><p>$22.99 ($0.65 / Ounce)</p><a href="https://www.amazon.com/dp/B086H3FW7T?tag=eloabder-20&linkCode=osi&th=1&psc=1">View Product</a></div><div class="product"><a href="https://www.amazon.com/dp/B019NXUJ5K?tag=eloabder-20&linkCode=osi&th=1&psc=1"><img src="https://m.media-amazon.com/images/I/31grLw6pdUL._SL500_.jpg" alt="Product Image"></a><p>PURGGO Car Air Freshener - Lasts 365+ Days No Chemicals 100% Activated Bamboo Charcoal Fragrance-Free Deodorizer, Natural Auto Odor Eliminator, Purifier, Neutralizer, Absorb Smoke Smell</p><p>$25.99</p><a href="https://www.amazon.com/dp/B019NXUJ5K?tag=eloabder-20&linkCode=osi&th=1&psc=1">View Product</a></div><div class="product"><a href="https://www.amazon.com/dp/B0CT5TBKH5?tag=eloabder-20&linkCode=osi&th=1&psc=1"><img src="https://m.media-amazon.com/images/I/41UB7n6FuwL._SL500_.jpg" alt="Product Image"></a><p>Timgle 1 Pack Car Air Freshener, Lasts 365+ Days, No Chemicals 100% Activated Bamboo Charcoal Fragrance, Free Deodorizer, Natural Auto Odor Eliminator, Purifier, Neutralizer (Khaki Strap)</p><p>$10.99</p><a href="https://www.amazon.com/dp/B0CT5TBKH5?tag=eloabder-20&linkCode=osi&th=1&psc=1">View Product</a></div><div class="product"><a href="https://www.amazon.com/dp/B00V4049K2?tag=eloabder-20&linkCode=osi&th=1&psc=1"><img src="https://m.media-amazon.com/images/I/51rLLMGOc6L._SL500_.jpg" alt="Product Image"></a><p>PURGGO Car Air Freshener - Auto Odor Eliminator - 100% Activated Bamboo Charcoal Air Purifier, Ionizer - Absorb and Remove Smoke Smell - Fragrance-Free Deodorizer - Lasts 365+ Days [Classic Beige]</p><p>$25.99</p><a href="https://www.amazon.com/dp/B00V4049K2?tag=eloabder-20&linkCode=osi&th=1&psc=1">View Product</a></div>








<div class="product"><a href="https://www.amazon.com/dp/B00RYGK12K?tag=eloabder-20&linkCode=osi&th=1&psc=1"><img src="https://m.media-amazon.com/images/I/51RdEyCkvuL._SL500_.jpg" alt="Product Image"></a><p>Little Trees Cardboard Hanging Car, Home & Office Air Freshener, Summer Linen (Pack of 12)</p><p>$11.82 ($0.98 / Count)</p><a href="https://www.amazon.com/dp/B00RYGK12K?tag=eloabder-20&linkCode=osi&th=1&psc=1">View Product</a></div><div class="product"><a href="https://www.amazon.com/dp/B00LM54ZD0?tag=eloabder-20&linkCode=osi&th=1&psc=1"><img src="https://m.media-amazon.com/images/I/41YuRNweefL._SL500_.jpg" alt="Product Image"></a><p>LITTLE TREES Air Fresheners Car Air Freshener. Hanging Tree Provides Long Lasting Scent for Auto or Home. Black Ice, 24 Air Fresheners</p><p>$20.19 ($0.84 / Count)</p><a href="https://www.amazon.com/dp/B00LM54ZD0?tag=eloabder-20&linkCode=osi&th=1&psc=1">View Product</a></div><div class="product"><a href="https://www.amazon.com/dp/B09BB4V1Y8?tag=eloabder-20&linkCode=osi&th=1&psc=1"><img src="https://m.media-amazon.com/images/I/51AKMdDLO-L._SL500_.jpg" alt="Product Image"></a><p>DRIVEJOY Car Air Freshener Vent Clips, 8 PK, 6 Ocean, 2 New Car Scent, Car Fresheners for Men Women, Up to 240 Days, Long Lasting Air Freshener for Car, Odor Eliminator</p><p>$9.98 ($9.60 / Fl Oz)</p><a href="https://www.amazon.com/dp/B09BB4V1Y8?tag=eloabder-20&linkCode=osi&th=1&psc=1">View Product</a></div><div class="product"><a href="https://www.amazon.com/dp/B078JWRLYT?tag=eloabder-20&linkCode=osi&th=1&psc=1"><img src="https://m.media-amazon.com/images/I/41shbIl-LEL._SL500_.jpg" alt="Product Image"></a><p>California Scents Air Freshener 4-Pack Car Air Freshener (Coronado Cherry)</p><p>$12.88 ($2.15 / Ounce)</p><a href="https://www.amazon.com/dp/B078JWRLYT?tag=eloabder-20&linkCode=osi&th=1&psc=1">View Product</a></div><div class="product"><a href="https://www.amazon.com/dp/B0CW4CJWW9?tag=eloabder-20&linkCode=osi&th=1&psc=1"><img src="https://m.media-amazon.com/images/I/417lKQ0MXPL._SL500_.jpg" alt="Product Image"></a><p>Karma, Essential Oil Air Freshener for Cars Set of 2, Home & Office - Colorful Decorative Hanging Air Freshener with Tassel, Buttercup Vanilla Scented</p><p>$8.40 ($4.20 / Count)</p><a href="https://www.amazon.com/dp/B0CW4CJWW9?tag=eloabder-20&linkCode=osi&th=1&psc=1">View Product</a></div><div class="product"><a href="https://www.amazon.com/dp/B00AYCXL2I?tag=eloabder-20&linkCode=osi&th=1&psc=1"><img src="https://m.media-amazon.com/images/I/5165h10nKbL._SL500_.jpg" alt="Product Image"></a><p>Febreze Car Air Fresheners, New Car Scent, Odor Eliminator for Strong Odors Car Vent Clips (2 Count)</p><p>$9.98 ($4.99 / Count)</p><a href="https://www.amazon.com/dp/B00AYCXL2I?tag=eloabder-20&linkCode=osi&th=1&psc=1">View Product</a></div><div class="product"><a href="https://www.amazon.com/dp/B01LZ0N1MJ?tag=eloabder-20&linkCode=osi&th=1&psc=1"><img src="https://m.media-amazon.com/images/I/41J5LJGof9L._SL500_.jpg" alt="Product Image"></a><p>LITTLE TREES Car Air Freshener | Hanging Paper Tree for Home or Car | New Car Scent | 12 Pack</p><p>$11.70 ($0.98 / Count)</p><a href="https://www.amazon.com/dp/B01LZ0N1MJ?tag=eloabder-20&linkCode=osi&th=1&psc=1">View Product</a></div><div class="product"><a href="https://www.amazon.com/dp/B0C2Q2VGPZ?tag=eloabder-20&linkCode=osi&th=1&psc=1"><img src="https://m.media-amazon.com/images/I/413gckSL1EL._SL500_.jpg" alt="Product Image"></a><p>Savage Disposable Card Freshener for Men | Car Scents Air Freshener with Sauvage Fragrance | Strong Car Perfume Air Freshener with Odour Eliminating Technology | Suvage by Perfa</p><p>$6.99</p><a href="https://www.amazon.com/dp/B0C2Q2VGPZ?tag=eloabder-20&linkCode=osi&th=1&psc=1">View Product</a></div>




<div class="product"><a href="https://www.amazon.com/dp/B06WVL7YSG?tag=eloabder-20&linkCode=osi&th=1&psc=1"><img src="https://m.media-amazon.com/images/I/51fO0NuM6nL._SL500_.jpg" alt="Product Image"></a><p>Meguiar's Quik Scratch Eraser Kit, Car Scratch Remover for Repairing Surface Blemishes, Car Care Kit with ScratchX, Drill-Mounted Pad, and Microfiber Towel, 3 Count</p><p>$17.97</p><a href="https://www.amazon.com/dp/B06WVL7YSG?tag=eloabder-20&linkCode=osi&th=1&psc=1">View Product</a></div><div class="product"><a href="https://www.amazon.com/dp/B00P67GSRG?tag=eloabder-20&linkCode=osi&th=1&psc=1"><img src="https://m.media-amazon.com/images/I/41R-vt8tcnL._SL500_.jpg" alt="Product Image"></a><p>Chemical Guys GAP_VKIT_16 V Line Polish and Compound Kit For Light to Heavy Swirls & Scratches (Safe for Cars, Trucks, SUVs, RVs, Motorcycles, & More) 4 - 16 fl oz Items</p><p>$69.99</p><a href="https://www.amazon.com/dp/B00P67GSRG?tag=eloabder-20&linkCode=osi&th=1&psc=1">View Product</a></div>
<div class="product"><a href="https://www.amazon.com/dp/B0BQ1CPLSQ?tag=eloabder-20&linkCode=osi&th=1&psc=1"><img src="https://m.media-amazon.com/images/I/41ikSNNgp5L._SL500_.jpg" alt="Product Image"></a><p>PROPER DETAILING CO. Car Detailing Kit Interior Cleaner, Get Professional Results - Car Interior Cleaning Kit includes 16 oz. interior cleaner, premium boars hair detail brush, and 2 microfiber towels</p><p>$23.99</p><a href="https://www.amazon.com/dp/B0BQ1CPLSQ?tag=eloabder-20&linkCode=osi&th=1&psc=1">View Product</a></div>




<div class="product"><a href="https://www.amazon.com/dp/B0D464228M?tag=eloabder-20&linkCode=osi&th=1&psc=1"><img src="https://m.media-amazon.com/images/I/315VtBe9l-L._SL500_.jpg" alt="Product Image"></a><p>Drift Car Air Freshener - Wood Air Freshener - Car Odor Eliminator - Open Air Scent Starter Kit</p><p>$11.95</p><a href="https://www.amazon.com/dp/B0D464228M?tag=eloabder-20&linkCode=osi&th=1&psc=1">View Product</a></div>
<div class="product"><a href="https://www.amazon.com/dp/B071HR14SJ?tag=eloabder-20&linkCode=osi&th=1&psc=1"><img src="https://m.media-amazon.com/images/I/41crypCefDL._SL500_.jpg" alt="Product Image"></a><p>Meguiar's Gold Class Car Wash Soap, Ultra-Rich Car Wash Soap and Conditioner for Car Cleaning, Car Wash Soap to Clean and Condition in One Easy Step, 1 Gallon Car Wash Soap</p><p>$24.99 ($0.20 / Ounce)</p><a href="https://www.amazon.com/dp/B071HR14SJ?tag=eloabder-20&linkCode=osi&th=1&psc=1">View Product</a></div><div class="product"><a href="https://www.amazon.com/dp/B085R9L9Q9?tag=eloabder-20&linkCode=osi&th=1&psc=1"><img src="https://m.media-amazon.com/images/I/41tAv1FNbZL._SL500_.jpg" alt="Product Image"></a><p>Armor All Extreme Shield Protectant Spray , Interior Car Cleaner with UV Protection Against Cracking and Fading, 16 Fl Oz</p><p>$8.98 ($0.56 / Fl Oz)</p><a href="https://www.amazon.com/dp/B085R9L9Q9?tag=eloabder-20&linkCode=osi&th=1&psc=1">View Product</a></div><div class="product"><a href="https://www.amazon.com/dp/B016NA9Y4S?tag=eloabder-20&linkCode=osi&th=1&psc=1"><img src="https://m.media-amazon.com/images/I/31oz8VJFdjL._SL500_.jpg" alt="Product Image"></a><p>Rain-X 5079281-2 Latitude 2-In-1 Wiper Blades, 26 Inch Windshield Wipers (Pack Of 1), Automotive Replacement Windshield Wiper Blades With Patented Rain-X Water Repellency Formula</p><p>$17.08</p><a href="https://www.amazon.com/dp/B016NA9Y4S?tag=eloabder-20&linkCode=osi&th=1&psc=1">View Product</a></div><div class="product"><a href="https://www.amazon.com/dp/B0D2PCCJVK?tag=eloabder-20&linkCode=osi&th=1&psc=1"><img src="https://m.media-amazon.com/images/I/41BFT-c3a9L._SL500_.jpg" alt="Product Image"></a><p>HoogaLife Car Air Freshener Diffuser – Revitalize Your Drive with Hanging Air Freshener Diffuser Aromatic Bliss On The Go(VANILLA CREAM)</p><p>$12.99 ($24.06 / Fl Oz)</p><a href="https://www.amazon.com/dp/B0D2PCCJVK?tag=eloabder-20&linkCode=osi&th=1&psc=1">View Product</a></div><div class="product"><a href="https://www.amazon.com/dp/B0D17SKCLF?tag=eloabder-20&linkCode=osi&th=1&psc=1"><img src="https://m.media-amazon.com/images/I/51VjaK8JNmL._SL500_.jpg" alt="Product Image"></a><p>AIDEA Car Wash Mitt Microfiber, 1PK-Scratch-Free& Lint-Free, Premium Chenille Microfiber Wash Mitt-Green Regular Size (7.12''X10.14'')</p><p>$5.99</p><a href="https://www.amazon.com/dp/B0D17SKCLF?tag=eloabder-20&linkCode=osi&th=1&psc=1">View Product</a></div>








<div class="product"><a href="https://www.amazon.com/dp/B00UZE8D00?tag=eloabder-20&linkCode=osi&th=1&psc=1"><img src="https://m.media-amazon.com/images/I/517VVkgvgcL._SL500_.jpg" alt="Product Image"></a><p>Chemical Guys HOL_996 Convertible Top Cleaner and Protectant Kit, 16 oz, 2 Items</p><p>$29.99</p><a href="https://www.amazon.com/dp/B00UZE8D00?tag=eloabder-20&linkCode=osi&th=1&psc=1">View Product</a></div><div class="product"><a href="https://www.amazon.com/dp/B004HCS4NW?tag=eloabder-20&linkCode=osi&th=1&psc=1"><img src="https://m.media-amazon.com/images/I/41j5b6xRqNL._SL500_.jpg" alt="Product Image"></a><p>Meguiar's Convertible Top Cleaner - Fabric Convertible Top Cleaner and Vinyl Convertible Top Cleaner in One Advanced Formula - Safely Removes Stains, Mildew, Bird Droppings, and More, 16 Oz</p><p>$6.87 ($0.43 / Ounce)</p><a href="https://www.amazon.com/dp/B004HCS4NW?tag=eloabder-20&linkCode=osi&th=1&psc=1">View Product</a></div><div class="product"><a href="https://www.amazon.com/dp/B00UZE80N0?tag=eloabder-20&linkCode=osi&th=1&psc=1"><img src="https://m.media-amazon.com/images/I/31FG83SK9SL._SL500_.jpg" alt="Product Image"></a><p>Chemical Guys SPI_193_16 Convertible Top Protectant and Repellent, (Helps Prevent Fading & Discoloration on Fabric Sot Tops) 16 fl oz (Packaging May Vary)</p><p>$19.99 ($1.25 / Fl Oz)</p><a href="https://www.amazon.com/dp/B00UZE80N0?tag=eloabder-20&linkCode=osi&th=1&psc=1">View Product</a></div><div class="product"><a href="https://www.amazon.com/dp/B00UZE8C1A?tag=eloabder-20&linkCode=osi&th=1&psc=1"><img src="https://m.media-amazon.com/images/I/31aLnXKZxfL._SL500_.jpg" alt="Product Image"></a><p>Chemical Guys ACC_S94 Convertible Top Horse Hair Cleaning Brush, Safe for Cloth Soft Tops, Upholstery, Leather, Furniture, & More</p><p>$14.99</p><a href="https://www.amazon.com/dp/B00UZE8C1A?tag=eloabder-20&linkCode=osi&th=1&psc=1">View Product</a></div><div class="product"><a href="https://www.amazon.com/dp/B000A8JNF0?tag=eloabder-20&linkCode=osi&th=1&psc=1"><img src="https://m.media-amazon.com/images/I/51PLChiVIrL._SL500_.jpg" alt="Product Image"></a><p>303 Products Convertible Fabric Top Cleaning and Care Kit - Cleans And Protects Fabric Tops - Includes Tonneau Cover And Convertible Top Cleaner 16 fl. oz. + Fabric Guard, (30520)</p><p>$32.79 ($1.02 / Fl Oz)</p><a href="https://www.amazon.com/dp/B000A8JNF0?tag=eloabder-20&linkCode=osi&th=1&psc=1">View Product</a></div>
<div class="product"><a href="https://www.amazon.com/dp/B0BCQ1XMWV?tag=eloabder-20&linkCode=osi&th=1&psc=1"><img src="https://m.media-amazon.com/images/I/41lV6Au-S9L._SL500_.jpg" alt="Product Image"></a><p>EMITHSUN® Windshield Wiper Blades Replacement for Honda Civic Coupe 2 Door 2005-2011,That Meet OEM Quality Front Wipers Blade Set for My Car-28"+24"(Set of 2)</p><p>$19.99</p><a href="https://www.amazon.com/dp/B0BCQ1XMWV?tag=eloabder-20&linkCode=osi&th=1&psc=1">View Product</a></div>
<div class="product"><a href="https://www.amazon.com/dp/B00I8ITVZG?tag=eloabder-20&linkCode=osi&th=1&psc=1"><img src="https://m.media-amazon.com/images/I/41TXd564pcL._SL500_.jpg" alt="Product Image"></a><p>ECOGARD XC36067 Premium Cabin Air Filter Fits Hyundai Genesis 2009-2016, Equus 2011-2016 | Genesis G80 2017-2021, G90 2019-2021, GV80 2021 | Kia K900 2020</p><p>$10.98</p><a href="https://www.amazon.com/dp/B00I8ITVZG?tag=eloabder-20&linkCode=osi&th=1&psc=1">View Product</a></div>

<div class="product"><a href="https://www.amazon.com/dp/B097C3NCP1?tag=eloabder-20&linkCode=osi&th=1&psc=1"><img src="https://m.media-amazon.com/images/I/41GXST2+s6L._SL500_.jpg" alt="Product Image"></a><p>Raidbee 12 inch Rear Wiper Blade Replacement for Toyota Corolla Hatchback 2022-2019, Nissan Versa 2019-2014 Back Windshield Wiper (H306/12-B)</p><p>$6.99</p><a href="https://www.amazon.com/dp/B097C3NCP1?tag=eloabder-20&linkCode=osi&th=1&psc=1">View Product</a></div>



<div class="product"><a href="https://www.amazon.com/dp/B0CQ4MLKHJ?tag=eloabder-20&linkCode=osi&th=1&psc=1"><img src="https://m.media-amazon.com/images/I/519f8covwQL._SL500_.jpg" alt="Product Image"></a><p>Feetiger All-in-1 Fire Extinguisher for Home, Kitchen, Car, Garage, RV, Truck, Boat, Camping, Fire Spray that Tackles Multiple Types of Fire, 2pack</p><p>$39.99</p><a href="https://www.amazon.com/dp/B0CQ4MLKHJ?tag=eloabder-20&linkCode=osi&th=1&psc=1">View Product</a></div>
<div class="product"><a href="https://www.amazon.com/dp/B07TS4JV6H?tag=eloabder-20&linkCode=osi&th=1&psc=1"><img src="https://m.media-amazon.com/images/I/412htpDd6fL._SL500_.jpg" alt="Product Image"></a><p>Police Flag Air Freshener, New Car Scent, 6-Pack</p><p>$9.99 ($1.66 / Count)</p><a href="https://www.amazon.com/dp/B07TS4JV6H?tag=eloabder-20&linkCode=osi&th=1&psc=1">View Product</a></div>


<div class="product"><a href="https://www.amazon.com/dp/B009EU5ZNO?tag=eloabder-20&linkCode=osi&th=1&psc=1"><img src="https://m.media-amazon.com/images/I/515MJLZbnoL._SL500_.jpg" alt="Product Image"></a><p>J-B Weld 50133 Plastic Bonder Structural Adhesive Syringe - Tan - 25 ml</p><p>$6.98 ($8.21 / Fl Oz)</p><a href="https://www.amazon.com/dp/B009EU5ZNO?tag=eloabder-20&linkCode=osi&th=1&psc=1">View Product</a></div>



<div class="product"><a href="https://www.amazon.com/dp/B09P6YZP72?tag=eloabder-20&linkCode=osi&th=1&psc=1"><img src="https://m.media-amazon.com/images/I/416rlvu+ayL._SL500_.jpg" alt="Product Image"></a><p>AUTOBOO 26"+20" Windshield Wipers with 16" Rear Wiper Blade Replacement for Dodge Grand Caravan 2008-2012 2013 2014 2015 2016 2017 2018 2019 -Original Factory Quality (Pack of 3)</p><p>$23.99</p><a href="https://www.amazon.com/dp/B09P6YZP72?tag=eloabder-20&linkCode=osi&th=1&psc=1">View Product</a></div><div class="product"><a href="https://www.amazon.com/dp/B0BLYQBDS8?tag=eloabder-20&linkCode=osi&th=1&psc=1"><img src="https://m.media-amazon.com/images/I/51SbpSR2zBL._SL500_.jpg" alt="Product Image"></a><p>A-Premium Engine Air Filter Compatible with Chrysler Town & Country & Dodge Grand Caravan & Ram C/V & Volkswagen Routan, 2011-2020, Flexible Panel, Replace# 4861737AA</p><p>$12.99</p><a href="https://www.amazon.com/dp/B0BLYQBDS8?tag=eloabder-20&linkCode=osi&th=1&psc=1">View Product</a></div>
<div class="product"><a href="https://www.amazon.com/dp/B001FCB4JS?tag=eloabder-20&linkCode=osi&th=1&psc=1"><img src="https://m.media-amazon.com/images/I/21wq6fxqiVL._SL500_.jpg" alt="Product Image"></a><p>Dicor BT-1834-1 Butyl Seal Tape - 1/8" x 3/4" x 30' Repair Tape for RV, Trailer, Motorhome, Window, and Vent Sealing</p><p>$13.15 ($0.44 / Foot)</p><a href="https://www.amazon.com/dp/B001FCB4JS?tag=eloabder-20&linkCode=osi&th=1&psc=1">View Product</a></div>
<div class="product"><a href="https://www.amazon.com/dp/B000BUQOD6?tag=eloabder-20&linkCode=osi&th=1&psc=1"><img src="https://m.media-amazon.com/images/I/41O0CoP1L3L._SL500_.jpg" alt="Product Image"></a><p>Camco Camper/RV Toilet Paper | Sewer-Safe, Septic-Safe & Biodegradable | Designed for Camper, Trailer & Marine Sanitation Systems | 1-Ply Tissue | 4 Toilet Paper Rolls – 280 Sheets per Roll (40275)</p><p>$5.99 ($2.14 / 100 Sheets)</p><a href="https://www.amazon.com/dp/B000BUQOD6?tag=eloabder-20&linkCode=osi&th=1&psc=1">View Product</a></div><div class="product"><a href="https://www.amazon.com/dp/B007JG1W1E?tag=eloabder-20&linkCode=osi&th=1&psc=1"><img src="https://m.media-amazon.com/images/I/41i-j99E9ML._SL500_.jpg" alt="Product Image"></a><p>Camco TST Camper / RV Grey Water Odor Control - Removes Grease Buildup in Gray Water Tank, Sink & Shower Drains - 4oz Treats 40-Gal Holding Tank - Safe Septic Tank Treatment - Lemon, 64 oz (40256)</p><p>$19.94 ($0.31 / Fl Oz)</p><a href="https://www.amazon.com/dp/B007JG1W1E?tag=eloabder-20&linkCode=osi&th=1&psc=1">View Product</a></div><div class="product"><a href="https://www.amazon.com/dp/B016V2OSD0?tag=eloabder-20&linkCode=osi&th=1&psc=1"><img src="https://m.media-amazon.com/images/I/31Jm99RYVXL._SL500_.jpg" alt="Product Image"></a><p>Camco TST MAX RV Toilet Treatment Drop-INs | Control Unwanted Odors and Break Down Waste and Tissue | Septic Tank Safe | Lavender Scent | 15-pack (41559)</p><p>$11.97 ($0.80 / Count)</p><a href="https://www.amazon.com/dp/B016V2OSD0?tag=eloabder-20&linkCode=osi&th=1&psc=1">View Product</a></div>






<div class="product"><a href="https://www.amazon.com/dp/B006GJYOL0?tag=eloabder-20&linkCode=osi&th=1&psc=1"><img src="https://m.media-amazon.com/images/I/41YPjiCzDfL._SL500_.jpg" alt="Product Image"></a><p>Boat Bling HS-0128 Hot Sauce Hard Water Spot Remover, Gallon Refill, for Boats, RVs, Powersport Vehicles and More, Black,1 Gallon</p><p>$54.95 ($0.43 / Fl Oz)</p><a href="https://www.amazon.com/dp/B006GJYOL0?tag=eloabder-20&linkCode=osi&th=1&psc=1">View Product</a></div><div class="product"><a href="https://www.amazon.com/dp/B0000AXVCB?tag=eloabder-20&linkCode=osi&th=1&psc=1"><img src="https://m.media-amazon.com/images/I/51gtsDb7zDL._SL500_.jpg" alt="Product Image"></a><p>Meguiar's M4364 Marine/RV Boat Wash - 64 Oz Container</p><p>$13.99 ($0.22 / Fl Oz)</p><a href="https://www.amazon.com/dp/B0000AXVCB?tag=eloabder-20&linkCode=osi&th=1&psc=1">View Product</a></div><div class="product"><a href="https://www.amazon.com/dp/B0007TR47G?tag=eloabder-20&linkCode=osi&th=1&psc=1"><img src="https://m.media-amazon.com/images/I/41Q4SzlVojL._SL500_.jpg" alt="Product Image"></a><p>Meguiar's Flagship Premium Marine Wax, Boat Polish and Oxidation Remover - 32 Oz Bottle</p><p>$21.49</p><a href="https://www.amazon.com/dp/B0007TR47G?tag=eloabder-20&linkCode=osi&th=1&psc=1">View Product</a></div><div class="product"><a href="https://www.amazon.com/dp/B006GJYLFY?tag=eloabder-20&linkCode=osi&th=1&psc=1"><img src="https://m.media-amazon.com/images/I/31G78TSjssL._SL500_.jpg" alt="Product Image"></a><p>Boat Bling Condition Sauce Premium Interior Moisturizer w/UV Protection, 32 oz.</p><p>$27.95</p><a href="https://www.amazon.com/dp/B006GJYLFY?tag=eloabder-20&linkCode=osi&th=1&psc=1">View Product</a></div><div class="product"><a href="https://www.amazon.com/dp/B006GJYKWI?tag=eloabder-20&linkCode=osi&th=1&psc=1"><img src="https://m.media-amazon.com/images/I/41AcDanNz-L._SL500_.jpg" alt="Product Image"></a><p>Boat Bling VS-0032 Vinyl Sauce Premium Vinyl and Leather Cleaner, 32 Oz., for Boats, RVs, Powersport Vehicles and More</p><p>$22.95 ($0.72 / Fl Oz)</p><a href="https://www.amazon.com/dp/B006GJYKWI?tag=eloabder-20&linkCode=osi&th=1&psc=1">View Product</a></div>
<div class="product"><a href="https://www.amazon.com/dp/B004OJTEKK?tag=eloabder-20&linkCode=osi&th=1&psc=1"><img src="https://m.media-amazon.com/images/I/41q8kkNiKOL._SL500_.jpg" alt="Product Image"></a><p>Shurhold Yacht Brite YBP-0302 Brite Wash - 1 Gallon</p><p>$23.97 ($0.19 / Fl Oz)</p><a href="https://www.amazon.com/dp/B004OJTEKK?tag=eloabder-20&linkCode=osi&th=1&psc=1">View Product</a></div>




<div class="product"><a href="https://www.amazon.com/dp/B0B2RDZNZB?tag=eloabder-20&linkCode=osi&th=1&psc=1"><img src="https://m.media-amazon.com/images/I/51RVSUoRuGL._SL500_.jpg" alt="Product Image"></a><p>Fancemot Helicopter Car Air Fresheners Rotating Solar Car Fresheners Airplane Car Perfume (Osmanthus & Vanilla)</p><p>$14.08</p><a href="https://www.amazon.com/dp/B0B2RDZNZB?tag=eloabder-20&linkCode=osi&th=1&psc=1">View Product</a></div><div class="product"><a href="https://www.amazon.com/dp/B0994PG1ZD?tag=eloabder-20&linkCode=osi&th=1&psc=1"><img src="https://m.media-amazon.com/images/I/413er0A8cVS._SL500_.jpg" alt="Product Image"></a><p>NICEADA Car Air Freshener, Helicopter Solar Energy Rotating Aromatherapy Aviation Al Alloy Diffuser, Interior Decoration Accessories Diffuser for Car and Home (Silver)</p><p>$23.99</p><a href="https://www.amazon.com/dp/B0994PG1ZD?tag=eloabder-20&linkCode=osi&th=1&psc=1">View Product</a></div><div class="product"><a href="https://www.amazon.com/dp/B09ZTMZKSJ?tag=eloabder-20&linkCode=osi&th=1&psc=1"><img src="https://m.media-amazon.com/images/I/41rz5PydC9L._SL500_.jpg" alt="Product Image"></a><p>Air Freshener, Gigicloud Car Fragrance Diffuser Solar Rotating Automotive Air Fresheners Ornament Helicopter Shape Solid Aromatherapy Decoration for Car and Home (Black)</p><p>$15.49</p><a href="https://www.amazon.com/dp/B09ZTMZKSJ?tag=eloabder-20&linkCode=osi&th=1&psc=1">View Product</a></div><div class="product"><a href="https://www.amazon.com/dp/B0CWNNPCD3?tag=eloabder-20&linkCode=osi&th=1&psc=1"><img src="https://m.media-amazon.com/images/I/51nznnJJhfL._SL500_.jpg" alt="Product Image"></a><p>Car Air Freshener Diffuser, KaiDengZhe 1PCS Helicopter Solar Energy Rotating Aromatherapy Aviation Al Alloy Diffuser, Car Diffuser for Essential Oils, Relieve Stress and Purifie Odors for Car and Home</p><p>$15.99</p><a href="https://www.amazon.com/dp/B0CWNNPCD3?tag=eloabder-20&linkCode=osi&th=1&psc=1">View Product</a></div><div class="product"><a href="https://www.amazon.com/dp/B0B8T47G65?tag=eloabder-20&linkCode=osi&th=1&psc=1"><img src="https://m.media-amazon.com/images/I/41d6cgVheqL._SL500_.jpg" alt="Product Image"></a><p>Joyfunky Car Air Fresheners with Solar Rotating, Creative Car Perfume Decoration, Relieve Stress and Purifie Odors, Use at Car, office and Home, Silver</p><p>$12.99</p><a href="https://www.amazon.com/dp/B0B8T47G65?tag=eloabder-20&linkCode=osi&th=1&psc=1">View Product</a></div><div class="product"><a href="https://www.amazon.com/dp/B0D4ZHJVK8?tag=eloabder-20&linkCode=osi&th=1&psc=1"><img src="https://m.media-amazon.com/images/I/41sEhsjtb4L._SL500_.jpg" alt="Product Image"></a><p>NICEADA Helicopter Solar Car Air Freshener Refill Set, Solar Essential Oil Refill Perfume Oil for Car Air Fresheners(4 Packs)</p><p>$21.99 ($24.99 / Fl Oz)</p><a href="https://www.amazon.com/dp/B0D4ZHJVK8?tag=eloabder-20&linkCode=osi&th=1&psc=1">View Product</a></div><div class="product"><a href="https://www.amazon.com/dp/B0D251XW47?tag=eloabder-20&linkCode=osi&th=1&psc=1"><img src="https://m.media-amazon.com/images/I/41x6lmNq9fL._SL500_.jpg" alt="Product Image"></a><p>Helicopter Car Air Fresheners with Solar Rotating, Creative Car Perfume Decoration, Car Airplane Fragrance Diffuser for Car, Home, Office (Silver)</p><p>$13.09</p><a href="https://www.amazon.com/dp/B0D251XW47?tag=eloabder-20&linkCode=osi&th=1&psc=1">View Product</a></div>

<div class="product"><a href="https://www.amazon.com/dp/B0D4154TQG?tag=eloabder-20&linkCode=osi&th=1&psc=1"><img src="https://m.media-amazon.com/images/I/217Iw-nO3UL._SL500_.jpg" alt="Product Image"></a><p>RV Curtain Glide Tape A115, 1/2 Inch Glides Clear RV Curtain Strip Curtain Slide Tape 72 Inches Long Use with Ceiling or Wall Mount Curtain Track A201 A202 (2 Pack)</p><p>$17.99</p><a href="https://www.amazon.com/dp/B0D4154TQG?tag=eloabder-20&linkCode=osi&th=1&psc=1">View Product</a></div>
<div class="product"><a href="https://www.amazon.com/dp/B08W4PQN8L?tag=eloabder-20&linkCode=osi&th=1&psc=1"><img src="https://m.media-amazon.com/images/I/41udmrd6QTL._SL500_.jpg" alt="Product Image"></a><p>Hot Air Balloon Novelty Air Freshener for Car - Sandalwood Scented Automotive Accessory New Mexico Souvenir Gift (Pack of 4)</p><p>$7.99 ($2.00 / Count)</p><a href="https://www.amazon.com/dp/B08W4PQN8L?tag=eloabder-20&linkCode=osi&th=1&psc=1">View Product</a></div>















<div class="product"><a href="https://www.amazon.com/dp/B0CP87K2VD?tag=eloabder-20&linkCode=osi&th=1&psc=1"><img src="https://m.media-amazon.com/images/I/41dTH4OPkcL._SL500_.jpg" alt="Product Image"></a><p>For harley air cleaner filter Touring street glide road king electra tri trike Dyna Sportster XL 883 1200 Softail air intake (Drift style -Contrast Cut, C-For Touring 08-16, Softail 16-17)</p><p>$125.00</p><a href="https://www.amazon.com/dp/B0CP87K2VD?tag=eloabder-20&linkCode=osi&th=1&psc=1">View Product</a></div><div class="product"><a href="https://www.amazon.com/dp/B08DNLNY3G?tag=eloabder-20&linkCode=osi&th=1&psc=1"><img src="https://m.media-amazon.com/images/I/51baNj3o8CL._SL500_.jpg" alt="Product Image"></a><p>2963308 HD1508 Ultra Classic Air Filter Cleaner for 2008-2014 Harley Davidson Street Glide, Electra Glide, Road King, Road Glide Custom, Ultra Classic and other select models HD-1508</p><p>$21.99</p><a href="https://www.amazon.com/dp/B08DNLNY3G?tag=eloabder-20&linkCode=osi&th=1&psc=1">View Product</a></div><div class="product"><a href="https://www.amazon.com/dp/B0CQ2KKC3N?tag=eloabder-20&linkCode=osi&th=1&psc=1"><img src="https://m.media-amazon.com/images/I/31W2a0gAwIL._SL500_.jpg" alt="Product Image"></a><p>High-Flo Replacement Air Filter Element For Ventilator - Milwaukee-Eight Engine '18-later Softail and '17-later Touring and Trike Models Equipped with 114 Air Cleaner</p><p>$39.99</p><a href="https://www.amazon.com/dp/B0CQ2KKC3N?tag=eloabder-20&linkCode=osi&th=1&psc=1">View Product</a></div><div class="product"><a href="https://www.amazon.com/dp/B0CPJ5BSGM?tag=eloabder-20&linkCode=osi&th=1&psc=1"><img src="https://m.media-amazon.com/images/I/41cUadnGKpL._SL500_.jpg" alt="Product Image"></a><p>For harley air cleaner filter sportster street road glide king for harley davidson motorcycle air intake (Nake style -Black, A-For Sportster XL models)</p><p>$169.00</p><a href="https://www.amazon.com/dp/B0CPJ5BSGM?tag=eloabder-20&linkCode=osi&th=1&psc=1">View Product</a></div><div class="product"><a href="https://www.amazon.com/dp/B0CR17NS1M?tag=eloabder-20&linkCode=osi&th=1&psc=1"><img src="https://m.media-amazon.com/images/I/41n57oM0A-L._SL500_.jpg" alt="Product Image"></a><p>For harley air cleaner filter Sportster Softail Touring street road king glide Dyna for harley davidson air intake filters (Speed 7 style -gray filter, C-For Touring 08-16, Softail 16-17)</p><p>$89.00</p><a href="https://www.amazon.com/dp/B0CR17NS1M?tag=eloabder-20&linkCode=osi&th=1&psc=1">View Product</a></div><div class="product"><a href="https://www.amazon.com/dp/B0CR167HDN?tag=eloabder-20&linkCode=osi&th=1&psc=1"><img src="https://m.media-amazon.com/images/I/41o4byfzbRL._SL500_.jpg" alt="Product Image"></a><p>For harley davidson air cleaner filter sportster Touring street glide road king electra Dyna Softail motorcycle air intake (Chromed- gray filter, C-For Touring 2008-2016)</p><p>$99.00</p><a href="https://www.amazon.com/dp/B0CR167HDN?tag=eloabder-20&linkCode=osi&th=1&psc=1">View Product</a></div>







<div class="product"><a href="https://www.amazon.com/dp/B08WH8CWDM?tag=eloabder-20&linkCode=osi&th=1&psc=1"><img src="https://m.media-amazon.com/images/I/41Jj3ouB+1L._SL500_.jpg" alt="Product Image"></a><p>Glaze 'N Seal Color Enhancer Paver Sealer, 1 Gallon (923)</p><p>$62.99</p><a href="https://www.amazon.com/dp/B08WH8CWDM?tag=eloabder-20&linkCode=osi&th=1&psc=1">View Product</a></div>

<div class="product"><a href="https://www.amazon.com/dp/B0B58G8WRX?tag=eloabder-20&linkCode=osi&th=1&psc=1"><img src="https://m.media-amazon.com/images/I/41hjxJMTGJL._SL500_.jpg" alt="Product Image"></a><p>Solarhome Air Filter 333-D2696 333D2696 Compatible with JCB Backhoe Loader 3CX 4CX Telehandler 531-70</p><p>$34.50</p><a href="https://www.amazon.com/dp/B0B58G8WRX?tag=eloabder-20&linkCode=osi&th=1&psc=1">View Product</a></div>




<div class="product"><a href="https://www.amazon.com/dp/B07G7XG6BV?tag=eloabder-20&linkCode=osi&th=1&psc=1"><img src="https://m.media-amazon.com/images/I/510tZGutn6L._SL500_.jpg" alt="Product Image"></a><p>Holikme 6Pack Cleaning Brush Power Scrubber Cleaning Brush Extended Long Attachment Set All Purpose Scrub Brushes Kit for Grout, Floor, Tub, Shower, Tile, Bathroom,Car Cleaning Brush，Yellow</p><p>$6.95</p><a href="https://www.amazon.com/dp/B07G7XG6BV?tag=eloabder-20&linkCode=osi&th=1&psc=1">View Product</a></div>



<div class="product"><a href="https://www.amazon.com/dp/B000FW2NWQ?tag=eloabder-20&linkCode=osi&th=1&psc=1"><img src="https://m.media-amazon.com/images/I/31VlBDw7uDL._SL500_.jpg" alt="Product Image"></a><p>Performance Tool W233 12-Inch Long Reach Extension Scraper with 3pc Double Edged Plastic Razor Scraper Blades and 3pc Carbon Steel Razor Scraper Blades</p><p>$10.31</p><a href="https://www.amazon.com/dp/B000FW2NWQ?tag=eloabder-20&linkCode=osi&th=1&psc=1">View Product</a></div>
<div class="product"><a href="https://www.amazon.com/dp/B0BV2CQ5SW?tag=eloabder-20&linkCode=osi&th=1&psc=1"><img src="https://m.media-amazon.com/images/I/51VkTDjGg4L._SL500_.jpg" alt="Product Image"></a><p>Filterelated Mixed Bed Deionized Di Resin Filter Fill, Suitable For Spotless Car Wash System Filter Change, Tds Filter, Aquarium Filter, Deionized Car Wash,5 Liters</p><p>$49.99</p><a href="https://www.amazon.com/dp/B0BV2CQ5SW?tag=eloabder-20&linkCode=osi&th=1&psc=1">View Product</a></div><div class="product"><a href="https://www.amazon.com/dp/B01MRVQ9UE?tag=eloabder-20&linkCode=osi&th=1&psc=1"><img src="https://m.media-amazon.com/images/I/51+i6fjU6tL._SL500_.jpg" alt="Product Image"></a><p>Husqvarna XP Pre-Mixed Fuel and Engine Oil Quart (3 Pack),Blue</p><p>$32.99 ($0.34 / Count)</p><a href="https://www.amazon.com/dp/B01MRVQ9UE?tag=eloabder-20&linkCode=osi&th=1&psc=1">View Product</a></div>




<div class="product"><a href="https://www.amazon.com/dp/B01N2G2NEJ?tag=eloabder-20&linkCode=osi&th=1&psc=1"><img src="https://m.media-amazon.com/images/I/41-5g4zEDpL._SL500_.jpg" alt="Product Image"></a><p>Chemical Guys SPI10816 Heavy Duty Water Spot Remover, Safe for Cars, Trucks, Motorcycles, RVs & More, 16 fl oz</p><p>$17.97 ($1.12 / Fl Oz)</p><a href="https://www.amazon.com/dp/B01N2G2NEJ?tag=eloabder-20&linkCode=osi&th=1&psc=1">View Product</a></div>









<div class="product"><a href="https://www.amazon.com/dp/B08YRVH2QV?tag=eloabder-20&linkCode=osi&th=1&psc=1"><img src="https://m.media-amazon.com/images/I/5164O-Jr2QL._SL500_.jpg" alt="Product Image"></a><p>Thetford AquaMAX Summer Cypress Scent RV Holding Tank Treatment, Formaldehyde Free, Waste Digester, Septic Tank Safe, 5 Gallon Bottle (96754)</p><p>$248.18</p><a href="https://www.amazon.com/dp/B08YRVH2QV?tag=eloabder-20&linkCode=osi&th=1&psc=1">View Product</a></div><div class="product"><a href="https://www.amazon.com/dp/B0BPMW7485?tag=eloabder-20&linkCode=osi&th=1&psc=1"><img src="https://m.media-amazon.com/images/I/51WNuQeew7L._SL500_.jpg" alt="Product Image"></a><p>XFasten Butyl Tape Black 1/2” x 30’ x 1/8" Butyl Sealant Tape Headlight Sealant Putty Tape | Black Butyl Caulking Tape | Butyl Tape RV Putty Tape EPDM Automotive Butyl Rubber Window Sealant for RV</p><p>$13.99 ($0.47 / Foot)</p><a href="https://www.amazon.com/dp/B0BPMW7485?tag=eloabder-20&linkCode=osi&th=1&psc=1">View Product</a></div>
<div class="product"><a href="https://www.amazon.com/dp/B006DXWZQU?tag=eloabder-20&linkCode=osi&th=1&psc=1"><img src="https://m.media-amazon.com/images/I/41wtqfFFfQL._SL500_.jpg" alt="Product Image"></a><p>FRAM Ultra Synthetic Automotive Replacement Oil Filter, Designed for Synthetic Oil Changes Lasting up to 20k Miles, XG10575 with SureGrip (Pack of 1)</p><p>$10.79</p><a href="https://www.amazon.com/dp/B006DXWZQU?tag=eloabder-20&linkCode=osi&th=1&psc=1">View Product</a></div><div class="product"><a href="https://www.amazon.com/dp/B01LH7L0XA?tag=eloabder-20&linkCode=osi&th=1&psc=1"><img src="https://m.media-amazon.com/images/I/41yD3QmbyZL._SL500_.jpg" alt="Product Image"></a><p>Shell Rotella T4 Triple Protection Conventional 15W-40 Diesel Engine Oil (1-Gallon, Single Pack)</p><p>$15.98 ($0.12 / Fl Oz)</p><a href="https://www.amazon.com/dp/B01LH7L0XA?tag=eloabder-20&linkCode=osi&th=1&psc=1">View Product</a></div><div class="product"><a href="https://www.amazon.com/dp/B00ICSWGJ0?tag=eloabder-20&linkCode=osi&th=1&psc=1"><img src="https://m.media-amazon.com/images/I/41Ahz5dVc5L._SL500_.jpg" alt="Product Image"></a><p>Castrol Edge 5W-30 Advanced Full Synthetic Motor Oil, 5 Quarts</p><p>$24.72 ($0.15 / Fl Oz)</p><a href="https://www.amazon.com/dp/B00ICSWGJ0?tag=eloabder-20&linkCode=osi&th=1&psc=1">View Product</a></div><div class="product"><a href="https://www.amazon.com/dp/B01N8RPDT8?tag=eloabder-20&linkCode=osi&th=1&psc=1"><img src="https://m.media-amazon.com/images/I/41Qm+9e8sCL._SL500_.jpg" alt="Product Image"></a><p>Motorcraft - Oil - Engine (XO10W305Q3SD)</p><p>$32.27</p><a href="https://www.amazon.com/dp/B01N8RPDT8?tag=eloabder-20&linkCode=osi&th=1&psc=1">View Product</a></div>
<div class="product"><a href="https://www.amazon.com/dp/B07FTRZLM5?tag=eloabder-20&linkCode=osi&th=1&psc=1"><img src="https://m.media-amazon.com/images/I/416uoNYOsXL._SL500_.jpg" alt="Product Image"></a><p>Chemical Guys HOL126 14-Piece Arsenal Builder Car Wash Kit with Foam Gun, Bucket, and (5) 16 oz Car Care Cleaning Chemicals, Gift for Car & Truck Lovers, Dads and DIYers (Works w/Garden Hose)</p><p>$119.99</p><a href="https://www.amazon.com/dp/B07FTRZLM5?tag=eloabder-20&linkCode=osi&th=1&psc=1">View Product</a></div><div class="product"><a href="https://www.amazon.com/dp/B0741RL23Q?tag=eloabder-20&linkCode=osi&th=1&psc=1"><img src="https://m.media-amazon.com/images/I/410wwKZBYVL._SL500_.jpg" alt="Product Image"></a><p>Chemical Guys SPI220 Total Interior Cleaner and Protectant, Safe for Cars, Trucks, SUVs, Jeeps, Motorcycles, RVs & More, 128 fl oz (1 Gallon)</p><p>$54.99 ($0.43 / Fl Oz)</p><a href="https://www.amazon.com/dp/B0741RL23Q?tag=eloabder-20&linkCode=osi&th=1&psc=1">View Product</a></div><div class="product"><a href="https://www.amazon.com/dp/B002J7VX4Y?tag=eloabder-20&linkCode=osi&th=1&psc=1"><img src="https://m.media-amazon.com/images/I/41oijnffQ0L._SL500_.jpg" alt="Product Image"></a><p>Chemical Guys AIR_101_16 New Car Smell Premium Air Freshener and Odor Eliminator, Long-Lasting Scent, Great for Cars, Trucks, SUVs, RVs & More, 16 fl oz</p><p>$10.99 ($0.69 / Fl Oz)</p><a href="https://www.amazon.com/dp/B002J7VX4Y?tag=eloabder-20&linkCode=osi&th=1&psc=1">View Product</a></div><div class="product"><a href="https://www.amazon.com/dp/B077TPG55M?tag=eloabder-20&linkCode=osi&th=1&psc=1"><img src="https://m.media-amazon.com/images/I/51aYksYRthL._SL500_.jpg" alt="Product Image"></a><p>Chemical Guys CWS20264 Tough Mudder Foaming Truck, Off Road, ATV and RV Heavy Duty Wash Soap,(Works with Foam Cannons, Foam Guns or Bucket Washes), 64 fl oz (Half Gallon), Lemon Scent</p><p>$39.99 ($0.62 / Fl Oz)</p><a href="https://www.amazon.com/dp/B077TPG55M?tag=eloabder-20&linkCode=osi&th=1&psc=1">View Product</a></div><div class="product"><a href="https://www.amazon.com/dp/B00BJCAPEE?tag=eloabder-20&linkCode=osi&th=1&psc=1"><img src="https://m.media-amazon.com/images/I/416RIPKVW1L._SL500_.jpg" alt="Product Image"></a><p>Chemical Guys CWS_402 Mr. Pink Foaming Car Wash Soap (Works with Foam Cannons, Foam Guns or Bucket Washes) Safe for Cars, Trucks, Motorcycles, RVs & More, 128 fl oz, Candy Scent</p><p>$39.99 ($0.31 / Fl Oz)</p><a href="https://www.amazon.com/dp/B00BJCAPEE?tag=eloabder-20&linkCode=osi&th=1&psc=1">View Product</a></div><div class="product"><a href="https://www.amazon.com/dp/B01C6AISUK?tag=eloabder-20&linkCode=osi&th=1&psc=1"><img src="https://m.media-amazon.com/images/I/41FrDCDPB6S._SL500_.jpg" alt="Product Image"></a><p>Chemical Guys CLD_700_16 Mat Renew Rubber + Vinyl Floor Mat Cleaner And Protectant, Safe for Cars, Trucks, SUVs, Motorcycles, RVs & More, 16 fl oz</p><p>$10.99 ($0.69 / Fl Oz)</p><a href="https://www.amazon.com/dp/B01C6AISUK?tag=eloabder-20&linkCode=osi&th=1&psc=1">View Product</a></div><div class="product"><a href="https://www.amazon.com/dp/B01N76S0A7?tag=eloabder-20&linkCode=osi&th=1&psc=1"><img src="https://m.media-amazon.com/images/I/51jurhYPCgL._SL500_.jpg" alt="Product Image"></a><p>Chemical Guys HOL131 Premium Chenille Microfiber Car Wash Mop and Heavy Duty Extendable Pole Kit (Great for RVs, Trucks, SUVs, Jeeps & Large Vehicles), With Mr. Pink Foaming Car Wash Soap - 4 fl oz</p><p>$49.99</p><a href="https://www.amazon.com/dp/B01N76S0A7?tag=eloabder-20&linkCode=osi&th=1&psc=1">View Product</a></div><div class="product"><a href="https://www.amazon.com/dp/B009OTW646?tag=eloabder-20&linkCode=osi&th=1&psc=1"><img src="https://m.media-amazon.com/images/I/41lG36UqLBL._SL500_.jpg" alt="Product Image"></a><p>Chemical Guys CWS 110 Honeydew Snow Foam Car Wash Soap (Works with Foam Cannons, Guns or Bucket Washes) Safe for Trucks, Motorcycles, RVs & More, 128 fl oz (1 Gallon), Honeydew Scent</p><p>$39.99 ($0.31 / Fl Oz)</p><a href="https://www.amazon.com/dp/B009OTW646?tag=eloabder-20&linkCode=osi&th=1&psc=1">View Product</a></div><div class="product"><a href="https://www.amazon.com/dp/B08P54Z2C2?tag=eloabder-20&linkCode=osi&th=1&psc=1"><img src="https://m.media-amazon.com/images/I/41Ra65iS2OL._SL500_.jpg" alt="Product Image"></a><p>Chemical Guys WAC23316 HydroSpeed Ceramic Quick Detailer, Safe for Cars, Trucks, SUVs, Motorcycles, RVs & More, 16 fl oz</p><p>$24.99</p><a href="https://www.amazon.com/dp/B08P54Z2C2?tag=eloabder-20&linkCode=osi&th=1&psc=1">View Product</a></div>
<div class="product"><a href="https://www.amazon.com/dp/B0C7WLPQC7?tag=eloabder-20&linkCode=osi&th=1&psc=1"><img src="https://m.media-amazon.com/images/I/41hJeSxsSWL._SL500_.jpg" alt="Product Image"></a><p>Detail King Car Odor Removal - Chlorine Dioxide Cup - Extreme Odor Eliminator For Car - Safe And Easy To Use (3 Oz (Pack of 1) - Plastic)</p><p>$24.95 ($8.32 / Ounce)</p><a href="https://www.amazon.com/dp/B0C7WLPQC7?tag=eloabder-20&linkCode=osi&th=1&psc=1">View Product</a></div>

<div class="product"><a href="https://www.amazon.com/dp/B0052XFWCG?tag=eloabder-20&linkCode=osi&th=1&psc=1"><img src="https://m.media-amazon.com/images/I/41qajeJVXLL._SL500_.jpg" alt="Product Image"></a><p>Hot Shot's Secret HSS64Z Original Stiction Eliminator 64 Fluid Ounce Bottle, Green</p><p>$53.45 ($0.84 / Fl Oz)</p><a href="https://www.amazon.com/dp/B0052XFWCG?tag=eloabder-20&linkCode=osi&th=1&psc=1">View Product</a></div><div class="product"><a href="https://www.amazon.com/dp/B009M64CAW?tag=eloabder-20&linkCode=osi&th=1&psc=1"><img src="https://m.media-amazon.com/images/I/417D8X0nkBL._SL500_.jpg" alt="Product Image"></a><p>Lucas Oil 10679 Hot Rod & Classic Car SAE 10W-30 Motor Oil - 5 Quart</p><p>$38.50 ($0.24 / Fl Oz)</p><a href="https://www.amazon.com/dp/B009M64CAW?tag=eloabder-20&linkCode=osi&th=1&psc=1">View Product</a></div><div class="product"><a href="https://www.amazon.com/dp/B01L9ARY9O?tag=eloabder-20&linkCode=osi&th=1&psc=1"><img src="https://m.media-amazon.com/images/I/51yaZAYH75L._SL500_.jpg" alt="Product Image"></a><p>FPPF Chemical Co 00161 16 OZ HOT 4-in-1 Heating Oil Treatment (2 Bottles)</p><p>$26.42</p><a href="https://www.amazon.com/dp/B01L9ARY9O?tag=eloabder-20&linkCode=osi&th=1&psc=1">View Product</a></div><div class="product"><a href="https://www.amazon.com/dp/B009M64CUM?tag=eloabder-20&linkCode=osi&th=1&psc=1"><img src="https://m.media-amazon.com/images/I/41yiWaF8YQL._SL500_.jpg" alt="Product Image"></a><p>Lucas Oil 10683 Hot Rod & Classic Car SAE 10W-40 Motor Oil - 5 Quart</p><p>$43.24 ($0.27 / Fl Oz)</p><a href="https://www.amazon.com/dp/B009M64CUM?tag=eloabder-20&linkCode=osi&th=1&psc=1">View Product</a></div><div class="product"><a href="https://www.amazon.com/dp/B0973HNRH9?tag=eloabder-20&linkCode=osi&th=1&psc=1"><img src="https://m.media-amazon.com/images/I/41kyGGJa--L._SL500_.jpg" alt="Product Image"></a><p>Hot Shot's Secret FR3 Friction Reducer 64 Fluid Ounce 2 Quarts, Light Yellow Liquid, (HSSFR364Z)</p><p>$59.73 ($0.93 / Fl Oz)</p><a href="https://www.amazon.com/dp/B0973HNRH9?tag=eloabder-20&linkCode=osi&th=1&psc=1">View Product</a></div><div class="product"><a href="https://www.amazon.com/dp/B082YFQQ25?tag=eloabder-20&linkCode=osi&th=1&psc=1"><img src="https://m.media-amazon.com/images/I/511PTX7LlZL._SL500_.jpg" alt="Product Image"></a><p>Hot Shot's Secret Green Diamond 100 Percent Synthetic 15W40 Oil Diesel 1 Gallon</p><p>$39.99 ($0.31 / Fl Oz)</p><a href="https://www.amazon.com/dp/B082YFQQ25?tag=eloabder-20&linkCode=osi&th=1&psc=1">View Product</a></div>















<div class="product"><a href="https://www.amazon.com/dp/B08PTMXCJL?tag=eloabder-20&linkCode=osi&th=1&psc=1"><img src="https://m.media-amazon.com/images/I/410eJv-7UHL._SL500_.jpg" alt="Product Image"></a><p>Moly Grease | 3% Molybdenum Disulfide | Fifth Wheel | 5th | Automotive | Tractor | Axle | Spline | CV Joint | Lithium EP Grease | High Temp | 35 LB Pail Bucket | Black Moly | NLGI 2 | HeavyDuty Moly</p><p>$174.99 ($0.31 / Ounce)</p><a href="https://www.amazon.com/dp/B08PTMXCJL?tag=eloabder-20&linkCode=osi&th=1&psc=1">View Product</a></div><div class="product"><a href="https://www.amazon.com/dp/B08PTHJTK5?tag=eloabder-20&linkCode=osi&th=1&psc=1"><img src="https://m.media-amazon.com/images/I/41VdMjJ38aL._SL500_.jpg" alt="Product Image"></a><p>Wheel Bearing Grease Pail | Lithium Complex | High Temp EP | CV Joint | Axle | Automotive | Tractor | Truck | Ball Joint | Marine Boat | Gear | Heavy Duty | Blue | 35 LB Bucket | NLGI 2 | MultiPurpose</p><p>$167.99 ($0.30 / Ounce)</p><a href="https://www.amazon.com/dp/B08PTHJTK5?tag=eloabder-20&linkCode=osi&th=1&psc=1">View Product</a></div><div class="product"><a href="https://www.amazon.com/dp/B0013J1UA6?tag=eloabder-20&linkCode=osi&th=1&psc=1"><img src="https://m.media-amazon.com/images/I/41G0Fkf7KnL._SL500_.jpg" alt="Product Image"></a><p>CRC Food Grade Chain Lube 03055 – 12 Wt. Oz. Aerosol, NSF H1 Gear, Chain, and Wire Lubricant</p><p>$19.25 ($1.60 / Ounce)</p><a href="https://www.amazon.com/dp/B0013J1UA6?tag=eloabder-20&linkCode=osi&th=1&psc=1">View Product</a></div>





<div class="product"><a href="https://www.amazon.com/dp/B08GQ9G2V5?tag=eloabder-20&linkCode=osi&th=1&psc=1"><img src="https://m.media-amazon.com/images/I/511+rapOlWL._SL500_.jpg" alt="Product Image"></a><p>Armor All Car Air Freshener and Purifier, Car Odor Eliminator, 1.5 Ounce (Pack of 3)</p><p>$21.21 ($4.71 / Ounce)</p><a href="https://www.amazon.com/dp/B08GQ9G2V5?tag=eloabder-20&linkCode=osi&th=1&psc=1">View Product</a></div>







<div class="product"><a href="https://www.amazon.com/dp/B001229JCU?tag=eloabder-20&linkCode=osi&th=1&psc=1"><img src="https://m.media-amazon.com/images/I/31W6FuKPMcL._SL500_.jpg" alt="Product Image"></a><p>First Alert EZ Fire Spray, Extinguishing Aerosol Spray, AF400 Red 18 Ounce (Pack of 1)</p><p>$12.49</p><a href="https://www.amazon.com/dp/B001229JCU?tag=eloabder-20&linkCode=osi&th=1&psc=1">View Product</a></div><div class="product"><a href="https://www.amazon.com/dp/B002U0KGDY?tag=eloabder-20&linkCode=osi&th=1&psc=1"><img src="https://m.media-amazon.com/images/I/51p6R+mcRhL._SL500_.jpg" alt="Product Image"></a><p>First Alert EZ Fire Spray, Extinguishing Aerosol Spray, Pack of 2, AF400-2, RED</p><p>$27.02</p><a href="https://www.amazon.com/dp/B002U0KGDY?tag=eloabder-20&linkCode=osi&th=1&psc=1">View Product</a></div>
<div class="product"><a href="https://www.amazon.com/dp/B0088LVBUQ?tag=eloabder-20&linkCode=osi&th=1&psc=1"><img src="https://m.media-amazon.com/images/I/31h7l-l6u2L._SL500_.jpg" alt="Product Image"></a><p>Seymour EN-59 Hi-Tech Engine Spray Paint, General Motors Red</p><p>$9.08 ($0.76 / Ounce)</p><a href="https://www.amazon.com/dp/B0088LVBUQ?tag=eloabder-20&linkCode=osi&th=1&psc=1">View Product</a></div>




<div class="product"><a href="https://www.amazon.com/dp/B000HBNU9K?tag=eloabder-20&linkCode=osi&th=1&psc=1"><img src="https://m.media-amazon.com/images/I/41URzfKaVsL._SL500_.jpg" alt="Product Image"></a><p>Permatex 27828 Body Shop Heavy Duty Headliner Adhesive, High-Strength Spray Adhesive, Repair Detached Or Loose Interior Parts, Dries Clear, Aerosol Can, 16.75 Oz</p><p>$17.05 ($1.02 / Ounce)</p><a href="https://www.amazon.com/dp/B000HBNU9K?tag=eloabder-20&linkCode=osi&th=1&psc=1">View Product</a></div><div class="product"><a href="https://www.amazon.com/dp/B001VXXEXU?tag=eloabder-20&linkCode=osi&th=1&psc=1"><img src="https://m.media-amazon.com/images/I/5112onMwzaL._SL500_.jpg" alt="Product Image"></a><p>Vibra-TITE 213 Red VC-3 Original Threadmate, 250ml Can</p><p>$99.19</p><a href="https://www.amazon.com/dp/B001VXXEXU?tag=eloabder-20&linkCode=osi&th=1&psc=1">View Product</a></div><div class="product"><a href="https://www.amazon.com/dp/B0CWPSLTR1?tag=eloabder-20&linkCode=osi&th=1&psc=1"><img src="https://m.media-amazon.com/images/I/31ytleZjjaL._SL500_.jpg" alt="Product Image"></a><p>P & S PROFESSIONAL DETAIL PRODUCTS - Terminator Enzyme Spot and Stain Remover - Perfect for Deodorizing, Removing Embedded Soils, Grease, Dirt, and Protein-Based Stains; Fresh Scent (1 Quart)</p><p>$25.95 ($0.81 / Fl Oz)</p><a href="https://www.amazon.com/dp/B0CWPSLTR1?tag=eloabder-20&linkCode=osi&th=1&psc=1">View Product</a></div><div class="product"><a href="https://www.amazon.com/dp/B07GFNQL9H?tag=eloabder-20&linkCode=osi&th=1&psc=1"><img src="https://m.media-amazon.com/images/I/41AA3Nbt8OL._SL500_.jpg" alt="Product Image"></a><p>Gunk FEB1 Foamy Engine Brite Engine Cleaner - 17oz. 2 Pack</p><p>$17.95 ($0.53 / Ounce)</p><a href="https://www.amazon.com/dp/B07GFNQL9H?tag=eloabder-20&linkCode=osi&th=1&psc=1">View Product</a></div>



<div class="product"><a href="https://www.amazon.com/dp/B003SKCARK?tag=eloabder-20&linkCode=osi&th=1&psc=1"><img src="https://m.media-amazon.com/images/I/41rvU5irgRL._SL500_.jpg" alt="Product Image"></a><p>Obenauf's Heavy Duty LP Leather Preservative (4oz)- All Natural Beeswax Oil Conditioner- Rejuvenate Restore & Preserve Sunfaded or Cracked Boots Jackets Saddles Car Auto Upholstery Furniture- USA Made</p><p>$15.99</p><a href="https://www.amazon.com/dp/B003SKCARK?tag=eloabder-20&linkCode=osi&th=1&psc=1">View Product</a></div>
Aucun résultat trouvé.

<div class="product"><a href="https://www.amazon.com/dp/B0CLWDDWHX?tag=eloabder-20&linkCode=osi&th=1&psc=1"><img src="https://m.media-amazon.com/images/I/51HPMtia03L._SL500_.jpg" alt="Product Image"></a><p>Fire Fix Fire Extinguisher for Home 5-Pack | Made in USA | Emergency Fire Spray Foam for Apartment, Boat, Camping, Car, House, Kitchen & Vehicle | Safety & Survival | Compact, Small, Safe & Easy Use</p><p>$56.95</p><a href="https://www.amazon.com/dp/B0CLWDDWHX?tag=eloabder-20&linkCode=osi&th=1&psc=1">View Product</a></div><div class="product"><a href="https://www.amazon.com/dp/B0CKZF9H3D?tag=eloabder-20&linkCode=osi&th=1&psc=1"><img src="https://m.media-amazon.com/images/I/41+Q4YdByuL._SL500_.jpg" alt="Product Image"></a><p>Firexo All Fires Fire Extinguisher - Multipurpose Mini Aerosol - Pack of 6 - Home, Kitchen, Car, Garage, Boat, Caravan, Camping Household, ABC, Vehicle, Compact, RV, Emergency Equipment (0.1 Gal)</p><p>$139.99</p><a href="https://www.amazon.com/dp/B0CKZF9H3D?tag=eloabder-20&linkCode=osi&th=1&psc=1">View Product</a></div>
Aucun résultat trouvé.
Aucun résultat trouvé.






<div class="product"><a href="https://www.amazon.com/dp/B00FOKOKMU?tag=eloabder-20&linkCode=osi&th=1&psc=1"><img src="https://m.media-amazon.com/images/I/41KsUW-6WOL._SL500_.jpg" alt="Product Image"></a><p>The Original Leather Recoloring Balm by Furniture Clinic - 16 Colors - Leather Repair Kit for Furniture - Restore Couches, Car Seats & More - Leather Dye for Scratched and Faded Leather (Beige)</p><p>$29.95</p><a href="https://www.amazon.com/dp/B00FOKOKMU?tag=eloabder-20&linkCode=osi&th=1&psc=1">View Product</a></div>


<div class="product"><a href="https://www.amazon.com/dp/B0BQX6CPLS?tag=eloabder-20&linkCode=osi&th=1&psc=1"><img src="https://m.media-amazon.com/images/I/51OtuHOIJpL._SL500_.jpg" alt="Product Image"></a><p>Dry Stop Fire Spray by Prepared Hero - 8 Pack - Portable Fire Extinguisher for Home, Car, Garage, Kitchen - Works on Electrical, Grease, Battery Fires & More - Compact, Easy to Use</p><p>$143.99</p><a href="https://www.amazon.com/dp/B0BQX6CPLS?tag=eloabder-20&linkCode=osi&th=1&psc=1">View Product</a></div><div class="product"><a href="https://www.amazon.com/dp/B0BQX76B9K?tag=eloabder-20&linkCode=osi&th=1&psc=1"><img src="https://m.media-amazon.com/images/I/51iHCSuHw5L._SL500_.jpg" alt="Product Image"></a><p>Vapor Clean Fire Spray by Prepared Hero - 8 Pack - Portable Fire Extinguisher for Home, Car, Garage, Kitchen - Works on Electrical, Grease, Battery Fires & More - Compact, Easy to Use</p><p>$143.99</p><a href="https://www.amazon.com/dp/B0BQX76B9K?tag=eloabder-20&linkCode=osi&th=1&psc=1">View Product</a></div><div class="product"><a href="https://www.amazon.com/dp/B0C32NVZJZ?tag=eloabder-20&linkCode=osi&th=1&psc=1"><img src="https://m.media-amazon.com/images/I/61coxTM3mSL._SL500_.jpg" alt="Product Image"></a><p>Houandg Water-Based Fire Extinguisher- 2 Pack Portable Solution for All Fire Types in Homes, Vehicles, Kitchens - Prevents Re-Ignition</p><p>$33.98</p><a href="https://www.amazon.com/dp/B0C32NVZJZ?tag=eloabder-20&linkCode=osi&th=1&psc=1">View Product</a></div>
<div class="product"><a href="https://www.amazon.com/dp/B00L3W1OAO?tag=eloabder-20&linkCode=osi&th=1&psc=1"><img src="https://m.media-amazon.com/images/I/414uILMLuaL._SL500_.jpg" alt="Product Image"></a><p>Pro F/X Rubber Mask Grease Wheel - 1 Ounce - Trauma</p><p>$27.01</p><a href="https://www.amazon.com/dp/B00L3W1OAO?tag=eloabder-20&linkCode=osi&th=1&psc=1">View Product</a></div>
<div class="product"><a href="https://www.amazon.com/dp/B0CZ16SHCH?tag=eloabder-20&linkCode=osi&th=1&psc=1"><img src="https://m.media-amazon.com/images/I/31pYxaz4gYL._SL500_.jpg" alt="Product Image"></a><p>P & S PROFESSIONAL DETAIL PRODUCTS - Rehab - Paint Correction Creme Safe for All Paint Types and with Multiple pad Types - Easy-to-use-Formula Works at Any Stage of Paint Correction - 1 Quart</p><p>$56.95</p><a href="https://www.amazon.com/dp/B0CZ16SHCH?tag=eloabder-20&linkCode=osi&th=1&psc=1">View Product</a></div><div class="product"><a href="https://www.amazon.com/dp/B082BG8HLX?tag=eloabder-20&linkCode=osi&th=1&psc=1"><img src="https://m.media-amazon.com/images/I/31OAXbv7QFL._SL500_.jpg" alt="Product Image"></a><p>Lithium Auto Elixirs Color Crush- A rather intense approach to an Instant Detailer, Infused with color enhancing technology - Extremely Hydrophobic ingredients, long lasting Instant Detailer</p><p>$19.95 ($1.25 / Fl Oz)</p><a href="https://www.amazon.com/dp/B082BG8HLX?tag=eloabder-20&linkCode=osi&th=1&psc=1">View Product</a></div><div class="product"><a href="https://www.amazon.com/dp/B07MTPWZ76?tag=eloabder-20&linkCode=osi&th=1&psc=1"><img src="https://m.media-amazon.com/images/I/41v5yubrqoL._SL500_.jpg" alt="Product Image"></a><p>Lithium Seal and Squeal Paint Sealant/Polish - Incredible Shine and Lasting Protection - Curable Amino Functional Polymers Fused with Si02 Ceramic Nano Technology -Lasts for up to 12 Months (16 oz)</p><p>$39.99 ($2.50 / Ounce)</p><a href="https://www.amazon.com/dp/B07MTPWZ76?tag=eloabder-20&linkCode=osi&th=1&psc=1">View Product</a></div><div class="product"><a href="https://www.amazon.com/dp/B07MVNX377?tag=eloabder-20&linkCode=osi&th=1&psc=1"><img src="https://m.media-amazon.com/images/I/31gEqFf7rhL._SL500_.jpg" alt="Product Image"></a><p>Leather Love - The Best Leather Conditioner On The Planet, Brings Old Leather Back To Life, All Natural Ingredients Mixed With Serious Science, Restores, Rehydrates, Protects (8oz)</p><p>$28.99 ($3.62 / Ounce)</p><a href="https://www.amazon.com/dp/B07MVNX377?tag=eloabder-20&linkCode=osi&th=1&psc=1">View Product</a></div><div class="product"><a href="https://www.amazon.com/dp/B07MTQP514?tag=eloabder-20&linkCode=osi&th=1&psc=1"><img src="https://m.media-amazon.com/images/I/311IYwH-oaL._SL500_.jpg" alt="Product Image"></a><p>Trim Serum- Plastic Restorer- Restores Even the Most Damaged Plastic, Rubber and Vinyl, Last For Months, Penetrates Plastic Pores Restoring Color. (16 Oz)</p><p>$36.99</p><a href="https://www.amazon.com/dp/B07MTQP514?tag=eloabder-20&linkCode=osi&th=1&psc=1">View Product</a></div><div class="product"><a href="https://www.amazon.com/dp/B07236X7TS?tag=eloabder-20&linkCode=osi&th=1&psc=1"><img src="https://m.media-amazon.com/images/I/51-mgxYD9kL._SL500_.jpg" alt="Product Image"></a><p>Skidmore's Biker Edition Leather Cream | All Natural Formula Cleans, Conditions, and Protects your Motorcycle | Made in USA</p><p>$44.98</p><a href="https://www.amazon.com/dp/B07236X7TS?tag=eloabder-20&linkCode=osi&th=1&psc=1">View Product</a></div><div class="product"><a href="https://www.amazon.com/dp/B001CS6HH4?tag=eloabder-20&linkCode=osi&th=1&psc=1"><img src="https://m.media-amazon.com/images/I/41wY0SB+DWL._SL500_.jpg" alt="Product Image"></a><p>Fiebing's Yellow Saddle Soap for Leather (3.5 oz Tin) - Leather Cleaner & Conditioner to Soften, Protect & Restore Leathercraft - Leather Soap for Car Seat, Couch, Shoe, Purse, Boot, Bag, & Saddles</p><p>$7.15 ($2.04 / Ounce)</p><a href="https://www.amazon.com/dp/B001CS6HH4?tag=eloabder-20&linkCode=osi&th=1&psc=1">View Product</a></div><div class="product"><a href="https://www.amazon.com/dp/B08RHZ1BKD?tag=eloabder-20&linkCode=osi&th=1&psc=1"><img src="https://m.media-amazon.com/images/I/21WKh31c4tL._SL500_.jpg" alt="Product Image"></a><p>Lithium Ignite After Wash - Conditions and Shines Surfaces as You Dry. Streak-Free Hydrophobic Formula adds Lubrication to Stop Micro Scratching While Surfaces pop with Color.</p><p>$21.99 ($1.37 / Fl Oz)</p><a href="https://www.amazon.com/dp/B08RHZ1BKD?tag=eloabder-20&linkCode=osi&th=1&psc=1">View Product</a></div><div class="product"><a href="https://www.amazon.com/dp/B0003A1T3E?tag=eloabder-20&linkCode=osi&th=1&psc=1"><img src="https://m.media-amazon.com/images/I/41042PKJ1ZL._SL500_.jpg" alt="Product Image"></a><p>URAD One step All-In-One Leather conditioner 140g - NEUTRAL</p><p>$16.13</p><a href="https://www.amazon.com/dp/B0003A1T3E?tag=eloabder-20&linkCode=osi&th=1&psc=1">View Product</a></div>

<div class="product"><a href="https://www.amazon.com/dp/B0B3NFH3QY?tag=eloabder-20&linkCode=osi&th=1&psc=1"><img src="https://m.media-amazon.com/images/I/51sKVZnP-WL._SL500_.jpg" alt="Product Image"></a><p>Little Joe 96427-6PK I Love Hockey New Car Scent Red Car Air Freshener A/C Vent Clip Uses Alcohol-Free Fragrance Oil is Non-Hazardous and Non-Toxic Plastic, Pack of 6</p><p>$21.99 ($3.66 / Count)</p><a href="https://www.amazon.com/dp/B0B3NFH3QY?tag=eloabder-20&linkCode=osi&th=1&psc=1">View Product</a></div><div class="product"><a href="https://www.amazon.com/dp/B072275K82?tag=eloabder-20&linkCode=osi&th=1&psc=1"><img src="https://m.media-amazon.com/images/I/41wDnF6SiAL._SL500_.jpg" alt="Product Image"></a><p>Little Joe 96404-6PK Fruit Scent, Car Air Freshener, Clips to A/C Air Vent, Alcohol-Free Fragrance Oil, Non-Hazardous and Non-Toxic Plastic, Set of 6</p><p>$16.60 ($2.77 / Count)</p><a href="https://www.amazon.com/dp/B072275K82?tag=eloabder-20&linkCode=osi&th=1&psc=1">View Product</a></div><div class="product"><a href="https://www.amazon.com/dp/B0CQPQ2S4W?tag=eloabder-20&linkCode=osi&th=1&psc=1"><img src="https://m.media-amazon.com/images/I/31iRknmvjeL._SL500_.jpg" alt="Product Image"></a><p>Little Pup 96613 Blue Raspberry Slushy Scent Car Air Freshener A/C Vent Clip Uses Alcohol-Free Fragrance Oil is Non Hazardous and Non Toxic, Pack of 1</p><p>$3.94</p><a href="https://www.amazon.com/dp/B0CQPQ2S4W?tag=eloabder-20&linkCode=osi&th=1&psc=1">View Product</a></div><div class="product"><a href="https://www.amazon.com/dp/B0CQPNMTM4?tag=eloabder-20&linkCode=osi&th=1&psc=1"><img src="https://m.media-amazon.com/images/I/41eEovL+zML._SL500_.jpg" alt="Product Image"></a><p>Little Joe 96414-6PK Orange Creamsicle Scent Car Air Freshener A/C Vent Clip Uses Alcohol-Free Fragrance Oil is Non-Hazardous and Non-Toxic Plastic, Pack of 6</p><p>$25.99 ($4.33 / Count)</p><a href="https://www.amazon.com/dp/B0CQPNMTM4?tag=eloabder-20&linkCode=osi&th=1&psc=1">View Product</a></div><div class="product"><a href="https://www.amazon.com/dp/B0CH9KNNZN?tag=eloabder-20&linkCode=osi&th=1&psc=1"><img src="https://m.media-amazon.com/images/I/41jX66PGMTL._SL500_.jpg" alt="Product Image"></a><p>TAKAVU Clay Bars Auto Detailing 2 Pack X 100g, Premium Grade Material, Magic Clay Bar Cleaner for Cars, RV, Boat and Bus (Grey)</p><p>$9.99</p><a href="https://www.amazon.com/dp/B0CH9KNNZN?tag=eloabder-20&linkCode=osi&th=1&psc=1">View Product</a></div>

<div class="product"><a href="https://www.amazon.com/dp/B004UM6DLE?tag=eloabder-20&linkCode=osi&th=1&psc=1"><img src="https://m.media-amazon.com/images/I/314nawyx6sL._SL500_.jpg" alt="Product Image"></a><p>CARPRO IronX Iron Remover: Stops Rust Spots and Pre-Mature Failure of The Clear Coat, Iron Contaminant Removal - 500mL with Sprayer (17oz)</p><p>$26.78</p><a href="https://www.amazon.com/dp/B004UM6DLE?tag=eloabder-20&linkCode=osi&th=1&psc=1">View Product</a></div><div class="product"><a href="https://www.amazon.com/dp/B01HXZXO98?tag=eloabder-20&linkCode=osi&th=1&psc=1"><img src="https://m.media-amazon.com/images/I/41Ne9OfQGzL._SL500_.jpg" alt="Product Image"></a><p>Chemical Guys CWS80316 Clean Slate Deep Surface Cleaning Car Wash Soap (Removes Old Car Waxes, Glazes & Sealants for Superior Surface Prep), 16 fl oz, Citrus Scent</p><p>$11.99 ($0.75 / Fl Oz)</p><a href="https://www.amazon.com/dp/B01HXZXO98?tag=eloabder-20&linkCode=osi&th=1&psc=1">View Product</a></div><div class="product"><a href="https://www.amazon.com/dp/B07C39H9YX?tag=eloabder-20&linkCode=osi&th=1&psc=1"><img src="https://m.media-amazon.com/images/I/31yK3Vb5xWL._SL500_.jpg" alt="Product Image"></a><p>Adam's Polishes Iron Remover (16oz) - Iron Out Fallout Rust Remover Spray for Car Detailing | Remove Iron Particles in Car Paint, Motorcycle, RV & Boat | Use Before Clay Bar, Car Wax or Car Wash</p><p>$16.99</p><a href="https://www.amazon.com/dp/B07C39H9YX?tag=eloabder-20&linkCode=osi&th=1&psc=1">View Product</a></div><div class="product"><a href="https://www.amazon.com/dp/B0BTJ9DJM5?tag=eloabder-20&linkCode=osi&th=1&psc=1"><img src="https://m.media-amazon.com/images/I/41tNMqlDrxL._SL500_.jpg" alt="Product Image"></a><p>Torque Detail Decon Wash Pack - Decontamination Soap 8oz + Wash Mitt - Surface Strip Wash Car Shampoo - Highly Absorbent Microfiber Chenille Car Wash Mitt Safely Cleans Your Vehicles Entire Surface</p><p>$24.95 ($3.12 / Fl Oz)</p><a href="https://www.amazon.com/dp/B0BTJ9DJM5?tag=eloabder-20&linkCode=osi&th=1&psc=1">View Product</a></div><div class="product"><a href="https://www.amazon.com/dp/B013K5V9PQ?tag=eloabder-20&linkCode=osi&th=1&psc=1"><img src="https://m.media-amazon.com/images/I/41V3rm6NlZL._SL500_.jpg" alt="Product Image"></a><p>CARPRO PolyShave Decon Towel - Car Detailing Clay Decontamination Faster than Clay Bar, Clean & Release of Paint Contaminants and Glass - Increase Wax and Sealant Bond - 12" x 12" (1 Pack)</p><p>$39.97</p><a href="https://www.amazon.com/dp/B013K5V9PQ?tag=eloabder-20&linkCode=osi&th=1&psc=1">View Product</a></div><div class="product"><a href="https://www.amazon.com/dp/B0B788NBWG?tag=eloabder-20&linkCode=osi&th=1&psc=1"><img src="https://m.media-amazon.com/images/I/51NDfAOuEmL._SL500_.jpg" alt="Product Image"></a><p>P & S Professional Detail Products - Clay Decontamination Towel - Effective Cleaning & Release of Paint Contaminants; Increase Wax & Sealant Bond; Enhance Gloss & Depth of Color; Fine Grade-12" x 12"</p><p>$34.95</p><a href="https://www.amazon.com/dp/B0B788NBWG?tag=eloabder-20&linkCode=osi&th=1&psc=1">View Product</a></div><div class="product"><a href="https://www.amazon.com/dp/B0B27TFK69?tag=eloabder-20&linkCode=osi&th=1&psc=1"><img src="https://m.media-amazon.com/images/I/41zJPQIcqeL._SL500_.jpg" alt="Product Image"></a><p>The Rag Company - Ultra Clay Decontamination Mitt - Easy to Use; Effective Cleaning & Release of Paint Contaminants; Increase Wax & Sealant Bond; Enhance Gloss &Color Depth; Fine Grade (8.7"x5.7")</p><p>$34.95</p><a href="https://www.amazon.com/dp/B0B27TFK69?tag=eloabder-20&linkCode=osi&th=1&psc=1">View Product</a></div><div class="product"><a href="https://www.amazon.com/dp/B0C6XBN14N?tag=eloabder-20&linkCode=osi&th=1&psc=1"><img src="https://m.media-amazon.com/images/I/31BSavOJ89L._SL500_.jpg" alt="Product Image"></a><p>3D Iron Remover GLW Series | DIY Car Detailing | Hyper Effective Wheel Decontamination | Removes Iron Particles, Dirt, Brake Dust | Rapid Results | Ultimate Iron & Surface Contaminate Eliminator, 16oz</p><p>$17.99</p><a href="https://www.amazon.com/dp/B0C6XBN14N?tag=eloabder-20&linkCode=osi&th=1&psc=1">View Product</a></div>







<div class="product"><a href="https://www.amazon.com/dp/B0D2SPCW3G?tag=eloabder-20&linkCode=osi&th=1&psc=1"><img src="https://m.media-amazon.com/images/I/41JYIg6xqqL._SL500_.jpg" alt="Product Image"></a><p>Crankcase Ventilation Oil Separator with Gasket Compatible for 2008-2014 Volvo Mack D13 D16 MP8 Engine Replace 21122541 20499419</p><p>$155.99</p><a href="https://www.amazon.com/dp/B0D2SPCW3G?tag=eloabder-20&linkCode=osi&th=1&psc=1">View Product</a></div>

<div class="product"><a href="https://www.amazon.com/dp/B0C6M2FHGX?tag=eloabder-20&linkCode=osi&th=1&psc=1"><img src="https://m.media-amazon.com/images/I/21wWRrpHdbL._SL500_.jpg" alt="Product Image"></a><p>eMagTech 9PCS Warning Sign Please No Smoking Vaping Food Drink Stickers 110x50mm Self-Adhesive Vinyl Window Decal for Car Taxis Buses Minibuses</p><p>$9.49</p><a href="https://www.amazon.com/dp/B0C6M2FHGX?tag=eloabder-20&linkCode=osi&th=1&psc=1">View Product</a></div>

Aucun résultat trouvé.

<div class="product"><a href="https://www.amazon.com/dp/B0CVWZZMRY?tag=eloabder-20&linkCode=osi&th=1&psc=1"><img src="https://m.media-amazon.com/images/I/512y-1GwQNL._SL500_.jpg" alt="Product Image"></a><p>Jewkot 4 PCS Car Wiper Strip, 28" Boneless Structure Car Windshield Cleaning Wiper Strip, DIY Length Auxiliary Cleaning Replacement Accessory, Suitable for Most Cars, Vans, Trucks, Buses (Black)</p><p>$5.58</p><a href="https://www.amazon.com/dp/B0CVWZZMRY?tag=eloabder-20&linkCode=osi&th=1&psc=1">View Product</a></div>
<div class="product"><a href="https://www.amazon.com/dp/B07L3VQC6W?tag=eloabder-20&linkCode=osi&th=1&psc=1"><img src="https://m.media-amazon.com/images/I/41GebP+2HYL._SL500_.jpg" alt="Product Image"></a><p>BRISA VW Collection Volkswagen Air Freshener, Room Freshener, Deodorizer for Cars T1 Bus Campervan Motif (Citrus/Yellow/Set of 2)</p><p>$13.90 ($6.95 / Count)</p><a href="https://www.amazon.com/dp/B07L3VQC6W?tag=eloabder-20&linkCode=osi&th=1&psc=1">View Product</a></div><div class="product"><a href="https://www.amazon.com/dp/B07L3V86JS?tag=eloabder-20&linkCode=osi&th=1&psc=1"><img src="https://m.media-amazon.com/images/I/41TblWhKhQL._SL500_.jpg" alt="Product Image"></a><p>BRISA VW Collection Volkswagen Air Freshener, Room Freshener, Deodorizer for Cars T1 Bus Campervan Motif (New Car/Green/Set of 2)</p><p>$13.90 ($6.95 / Count)</p><a href="https://www.amazon.com/dp/B07L3V86JS?tag=eloabder-20&linkCode=osi&th=1&psc=1">View Product</a></div>


Aucun résultat trouvé.










<div class="product"><a href="https://www.amazon.com/dp/B099HL5SV2?tag=eloabder-20&linkCode=osi&th=1&psc=1"><img src="https://m.media-amazon.com/images/I/31kcR8HnylL._SL500_.jpg" alt="Product Image"></a><p>Philips GoPure GP5212 High Performance HEPA Air Purifier for Car, Removes up to 100 Pollutants, Exhaust Fumes, VOCs, Smoke, Bad Odors, Bacteria and Viruses</p><p>$77.59</p><a href="https://www.amazon.com/dp/B099HL5SV2?tag=eloabder-20&linkCode=osi&th=1&psc=1">View Product</a></div><div class="product"><a href="https://www.amazon.com/dp/B07TB419F7?tag=eloabder-20&linkCode=osi&th=1&psc=1"><img src="https://m.media-amazon.com/images/I/41l9XK-u-eL._SL500_.jpg" alt="Product Image"></a><p>Enoch Ionic Car Air Purifier with Dual USB Car Charger. Car Air Freshener Eliminates Odor, Dust. Removes Smoke, Pet and Food Odor. Ionic Ozone Car Deodorizer (Matt Black)</p><p>$24.50</p><a href="https://www.amazon.com/dp/B07TB419F7?tag=eloabder-20&linkCode=osi&th=1&psc=1">View Product</a></div><div class="product"><a href="https://www.amazon.com/dp/B08C9LKKMM?tag=eloabder-20&linkCode=osi&th=1&psc=1"><img src="https://m.media-amazon.com/images/I/41uJDRzxfrL._SL500_.jpg" alt="Product Image"></a><p>4WDKING Car Air Purifier Ionizer, 12V Plug-in Car Air Freshener Gadgets with Dual USB Charger Removes Cigarette Smoke, Pet and Food Odor, Ionic Ozone (Black)</p><p>$22.99</p><a href="https://www.amazon.com/dp/B08C9LKKMM?tag=eloabder-20&linkCode=osi&th=1&psc=1">View Product</a></div><div class="product"><a href="https://www.amazon.com/dp/B07C7D366L?tag=eloabder-20&linkCode=osi&th=1&psc=1"><img src="https://m.media-amazon.com/images/I/51GvjMcOskL._SL500_.jpg" alt="Product Image"></a><p>Car Air Purifier Ionizer - 12V Plug-in Ionic Anti-Microbial Car Deodorizer with Dual USB Charger - Smoke Smell, Pet and Food Odors, Allergens, Viruses Eliminator for Car (Matte Silver)</p><p>$24.99</p><a href="https://www.amazon.com/dp/B07C7D366L?tag=eloabder-20&linkCode=osi&th=1&psc=1">View Product</a></div><div class="product"><a href="https://www.amazon.com/dp/B086H3FW7T?tag=eloabder-20&linkCode=osi&th=1&psc=1"><img src="https://m.media-amazon.com/images/I/51FfQTz4koL._SL500_.jpg" alt="Product Image"></a><p>bmbu 1000g Large Bamboo Charcoal Air Purifier Bag - Car Deodorizer/Car Freshener - Remove Odor and Control Moisture in Your RV, Camper, SUV, Car, Truck, Closet, Mobile Home, Storage - Non Fragrant</p><p>$22.99 ($0.65 / Ounce)</p><a href="https://www.amazon.com/dp/B086H3FW7T?tag=eloabder-20&linkCode=osi&th=1&psc=1">View Product</a></div><div class="product"><a href="https://www.amazon.com/dp/B019NXUJ5K?tag=eloabder-20&linkCode=osi&th=1&psc=1"><img src="https://m.media-amazon.com/images/I/31grLw6pdUL._SL500_.jpg" alt="Product Image"></a><p>PURGGO Car Air Freshener - Lasts 365+ Days No Chemicals 100% Activated Bamboo Charcoal Fragrance-Free Deodorizer, Natural Auto Odor Eliminator, Purifier, Neutralizer, Absorb Smoke Smell</p><p>$25.99</p><a href="https://www.amazon.com/dp/B019NXUJ5K?tag=eloabder-20&linkCode=osi&th=1&psc=1">View Product</a></div><div class="product"><a href="https://www.amazon.com/dp/B0CT5TBKH5?tag=eloabder-20&linkCode=osi&th=1&psc=1"><img src="https://m.media-amazon.com/images/I/41UB7n6FuwL._SL500_.jpg" alt="Product Image"></a><p>Timgle 1 Pack Car Air Freshener, Lasts 365+ Days, No Chemicals 100% Activated Bamboo Charcoal Fragrance, Free Deodorizer, Natural Auto Odor Eliminator, Purifier, Neutralizer (Khaki Strap)</p><p>$10.99</p><a href="https://www.amazon.com/dp/B0CT5TBKH5?tag=eloabder-20&linkCode=osi&th=1&psc=1">View Product</a></div><div class="product"><a href="https://www.amazon.com/dp/B00V4049K2?tag=eloabder-20&linkCode=osi&th=1&psc=1"><img src="https://m.media-amazon.com/images/I/51rLLMGOc6L._SL500_.jpg" alt="Product Image"></a><p>PURGGO Car Air Freshener - Auto Odor Eliminator - 100% Activated Bamboo Charcoal Air Purifier, Ionizer - Absorb and Remove Smoke Smell - Fragrance-Free Deodorizer - Lasts 365+ Days [Classic Beige]</p><p>$25.99</p><a href="https://www.amazon.com/dp/B00V4049K2?tag=eloabder-20&linkCode=osi&th=1&psc=1">View Product</a></div>








<div class="product"><a href="https://www.amazon.com/dp/B00RYGK12K?tag=eloabder-20&linkCode=osi&th=1&psc=1"><img src="https://m.media-amazon.com/images/I/51RdEyCkvuL._SL500_.jpg" alt="Product Image"></a><p>Little Trees Cardboard Hanging Car, Home & Office Air Freshener, Summer Linen (Pack of 12)</p><p>$11.82 ($0.98 / Count)</p><a href="https://www.amazon.com/dp/B00RYGK12K?tag=eloabder-20&linkCode=osi&th=1&psc=1">View Product</a></div><div class="product"><a href="https://www.amazon.com/dp/B00LM54ZD0?tag=eloabder-20&linkCode=osi&th=1&psc=1"><img src="https://m.media-amazon.com/images/I/41YuRNweefL._SL500_.jpg" alt="Product Image"></a><p>LITTLE TREES Air Fresheners Car Air Freshener. Hanging Tree Provides Long Lasting Scent for Auto or Home. Black Ice, 24 Air Fresheners</p><p>$20.19 ($0.84 / Count)</p><a href="https://www.amazon.com/dp/B00LM54ZD0?tag=eloabder-20&linkCode=osi&th=1&psc=1">View Product</a></div><div class="product"><a href="https://www.amazon.com/dp/B09BB4V1Y8?tag=eloabder-20&linkCode=osi&th=1&psc=1"><img src="https://m.media-amazon.com/images/I/51AKMdDLO-L._SL500_.jpg" alt="Product Image"></a><p>DRIVEJOY Car Air Freshener Vent Clips, 8 PK, 6 Ocean, 2 New Car Scent, Car Fresheners for Men Women, Up to 240 Days, Long Lasting Air Freshener for Car, Odor Eliminator</p><p>$9.98 ($9.60 / Fl Oz)</p><a href="https://www.amazon.com/dp/B09BB4V1Y8?tag=eloabder-20&linkCode=osi&th=1&psc=1">View Product</a></div><div class="product"><a href="https://www.amazon.com/dp/B078JWRLYT?tag=eloabder-20&linkCode=osi&th=1&psc=1"><img src="https://m.media-amazon.com/images/I/41shbIl-LEL._SL500_.jpg" alt="Product Image"></a><p>California Scents Air Freshener 4-Pack Car Air Freshener (Coronado Cherry)</p><p>$12.88 ($2.15 / Ounce)</p><a href="https://www.amazon.com/dp/B078JWRLYT?tag=eloabder-20&linkCode=osi&th=1&psc=1">View Product</a></div><div class="product"><a href="https://www.amazon.com/dp/B0CW4CJWW9?tag=eloabder-20&linkCode=osi&th=1&psc=1"><img src="https://m.media-amazon.com/images/I/417lKQ0MXPL._SL500_.jpg" alt="Product Image"></a><p>Karma, Essential Oil Air Freshener for Cars Set of 2, Home & Office - Colorful Decorative Hanging Air Freshener with Tassel, Buttercup Vanilla Scented</p><p>$8.40 ($4.20 / Count)</p><a href="https://www.amazon.com/dp/B0CW4CJWW9?tag=eloabder-20&linkCode=osi&th=1&psc=1">View Product</a></div><div class="product"><a href="https://www.amazon.com/dp/B00AYCXL2I?tag=eloabder-20&linkCode=osi&th=1&psc=1"><img src="https://m.media-amazon.com/images/I/5165h10nKbL._SL500_.jpg" alt="Product Image"></a><p>Febreze Car Air Fresheners, New Car Scent, Odor Eliminator for Strong Odors Car Vent Clips (2 Count)</p><p>$9.98 ($4.99 / Count)</p><a href="https://www.amazon.com/dp/B00AYCXL2I?tag=eloabder-20&linkCode=osi&th=1&psc=1">View Product</a></div><div class="product"><a href="https://www.amazon.com/dp/B01LZ0N1MJ?tag=eloabder-20&linkCode=osi&th=1&psc=1"><img src="https://m.media-amazon.com/images/I/41J5LJGof9L._SL500_.jpg" alt="Product Image"></a><p>LITTLE TREES Car Air Freshener | Hanging Paper Tree for Home or Car | New Car Scent | 12 Pack</p><p>$11.70 ($0.98 / Count)</p><a href="https://www.amazon.com/dp/B01LZ0N1MJ?tag=eloabder-20&linkCode=osi&th=1&psc=1">View Product</a></div><div class="product"><a href="https://www.amazon.com/dp/B0C2Q2VGPZ?tag=eloabder-20&linkCode=osi&th=1&psc=1"><img src="https://m.media-amazon.com/images/I/413gckSL1EL._SL500_.jpg" alt="Product Image"></a><p>Savage Disposable Card Freshener for Men | Car Scents Air Freshener with Sauvage Fragrance | Strong Car Perfume Air Freshener with Odour Eliminating Technology | Suvage by Perfa</p><p>$6.99</p><a href="https://www.amazon.com/dp/B0C2Q2VGPZ?tag=eloabder-20&linkCode=osi&th=1&psc=1">View Product</a></div>




<div class="product"><a href="https://www.amazon.com/dp/B06WVL7YSG?tag=eloabder-20&linkCode=osi&th=1&psc=1"><img src="https://m.media-amazon.com/images/I/51fO0NuM6nL._SL500_.jpg" alt="Product Image"></a><p>Meguiar's Quik Scratch Eraser Kit, Car Scratch Remover for Repairing Surface Blemishes, Car Care Kit with ScratchX, Drill-Mounted Pad, and Microfiber Towel, 3 Count</p><p>$17.97</p><a href="https://www.amazon.com/dp/B06WVL7YSG?tag=eloabder-20&linkCode=osi&th=1&psc=1">View Product</a></div><div class="product"><a href="https://www.amazon.com/dp/B00P67GSRG?tag=eloabder-20&linkCode=osi&th=1&psc=1"><img src="https://m.media-amazon.com/images/I/41R-vt8tcnL._SL500_.jpg" alt="Product Image"></a><p>Chemical Guys GAP_VKIT_16 V Line Polish and Compound Kit For Light to Heavy Swirls & Scratches (Safe for Cars, Trucks, SUVs, RVs, Motorcycles, & More) 4 - 16 fl oz Items</p><p>$69.99</p><a href="https://www.amazon.com/dp/B00P67GSRG?tag=eloabder-20&linkCode=osi&th=1&psc=1">View Product</a></div>
<div class="product"><a href="https://www.amazon.com/dp/B0BQ1CPLSQ?tag=eloabder-20&linkCode=osi&th=1&psc=1"><img src="https://m.media-amazon.com/images/I/41ikSNNgp5L._SL500_.jpg" alt="Product Image"></a><p>PROPER DETAILING CO. Car Detailing Kit Interior Cleaner, Get Professional Results - Car Interior Cleaning Kit includes 16 oz. interior cleaner, premium boars hair detail brush, and 2 microfiber towels</p><p>$23.99</p><a href="https://www.amazon.com/dp/B0BQ1CPLSQ?tag=eloabder-20&linkCode=osi&th=1&psc=1">View Product</a></div>





<div class="product"><a href="https://www.amazon.com/dp/B0D464228M?tag=eloabder-20&linkCode=osi&th=1&psc=1"><img src="https://m.media-amazon.com/images/I/315VtBe9l-L._SL500_.jpg" alt="Product Image"></a><p>Drift Car Air Freshener - Wood Air Freshener - Car Odor Eliminator - Open Air Scent Starter Kit</p><p>$11.95</p><a href="https://www.amazon.com/dp/B0D464228M?tag=eloabder-20&linkCode=osi&th=1&psc=1">View Product</a></div>
<div class="product"><a href="https://www.amazon.com/dp/B071HR14SJ?tag=eloabder-20&linkCode=osi&th=1&psc=1"><img src="https://m.media-amazon.com/images/I/41crypCefDL._SL500_.jpg" alt="Product Image"></a><p>Meguiar's Gold Class Car Wash Soap, Ultra-Rich Car Wash Soap and Conditioner for Car Cleaning, Car Wash Soap to Clean and Condition in One Easy Step, 1 Gallon Car Wash Soap</p><p>$24.99 ($0.20 / Ounce)</p><a href="https://www.amazon.com/dp/B071HR14SJ?tag=eloabder-20&linkCode=osi&th=1&psc=1">View Product</a></div><div class="product"><a href="https://www.amazon.com/dp/B085R9L9Q9?tag=eloabder-20&linkCode=osi&th=1&psc=1"><img src="https://m.media-amazon.com/images/I/41tAv1FNbZL._SL500_.jpg" alt="Product Image"></a><p>Armor All Extreme Shield Protectant Spray , Interior Car Cleaner with UV Protection Against Cracking and Fading, 16 Fl Oz</p><p>$8.98 ($0.56 / Fl Oz)</p><a href="https://www.amazon.com/dp/B085R9L9Q9?tag=eloabder-20&linkCode=osi&th=1&psc=1">View Product</a></div><div class="product"><a href="https://www.amazon.com/dp/B016NA9Y4S?tag=eloabder-20&linkCode=osi&th=1&psc=1"><img src="https://m.media-amazon.com/images/I/31oz8VJFdjL._SL500_.jpg" alt="Product Image"></a><p>Rain-X 5079281-2 Latitude 2-In-1 Wiper Blades, 26 Inch Windshield Wipers (Pack Of 1), Automotive Replacement Windshield Wiper Blades With Patented Rain-X Water Repellency Formula</p><p>$17.08</p><a href="https://www.amazon.com/dp/B016NA9Y4S?tag=eloabder-20&linkCode=osi&th=1&psc=1">View Product</a></div><div class="product"><a href="https://www.amazon.com/dp/B0D2PCCJVK?tag=eloabder-20&linkCode=osi&th=1&psc=1"><img src="https://m.media-amazon.com/images/I/41BFT-c3a9L._SL500_.jpg" alt="Product Image"></a><p>HoogaLife Car Air Freshener Diffuser – Revitalize Your Drive with Hanging Air Freshener Diffuser Aromatic Bliss On The Go(VANILLA CREAM)</p><p>$12.99 ($24.06 / Fl Oz)</p><a href="https://www.amazon.com/dp/B0D2PCCJVK?tag=eloabder-20&linkCode=osi&th=1&psc=1">View Product</a></div><div class="product"><a href="https://www.amazon.com/dp/B0D17SKCLF?tag=eloabder-20&linkCode=osi&th=1&psc=1"><img src="https://m.media-amazon.com/images/I/51VjaK8JNmL._SL500_.jpg" alt="Product Image"></a><p>AIDEA Car Wash Mitt Microfiber, 1PK-Scratch-Free& Lint-Free, Premium Chenille Microfiber Wash Mitt-Green Regular Size (7.12''X10.14'')</p><p>$5.99</p><a href="https://www.amazon.com/dp/B0D17SKCLF?tag=eloabder-20&linkCode=osi&th=1&psc=1">View Product</a></div>








<div class="product"><a href="https://www.amazon.com/dp/B00UZE8D00?tag=eloabder-20&linkCode=osi&th=1&psc=1"><img src="https://m.media-amazon.com/images/I/517VVkgvgcL._SL500_.jpg" alt="Product Image"></a><p>Chemical Guys HOL_996 Convertible Top Cleaner and Protectant Kit, 16 oz, 2 Items</p><p>$29.99</p><a href="https://www.amazon.com/dp/B00UZE8D00?tag=eloabder-20&linkCode=osi&th=1&psc=1">View Product</a></div><div class="product"><a href="https://www.amazon.com/dp/B004HCS4NW?tag=eloabder-20&linkCode=osi&th=1&psc=1"><img src="https://m.media-amazon.com/images/I/41j5b6xRqNL._SL500_.jpg" alt="Product Image"></a><p>Meguiar's Convertible Top Cleaner - Fabric Convertible Top Cleaner and Vinyl Convertible Top Cleaner in One Advanced Formula - Safely Removes Stains, Mildew, Bird Droppings, and More, 16 Oz</p><p>$6.87 ($0.43 / Ounce)</p><a href="https://www.amazon.com/dp/B004HCS4NW?tag=eloabder-20&linkCode=osi&th=1&psc=1">View Product</a></div><div class="product"><a href="https://www.amazon.com/dp/B00UZE80N0?tag=eloabder-20&linkCode=osi&th=1&psc=1"><img src="https://m.media-amazon.com/images/I/31FG83SK9SL._SL500_.jpg" alt="Product Image"></a><p>Chemical Guys SPI_193_16 Convertible Top Protectant and Repellent, (Helps Prevent Fading & Discoloration on Fabric Sot Tops) 16 fl oz (Packaging May Vary)</p><p>$19.99 ($1.25 / Fl Oz)</p><a href="https://www.amazon.com/dp/B00UZE80N0?tag=eloabder-20&linkCode=osi&th=1&psc=1">View Product</a></div><div class="product"><a href="https://www.amazon.com/dp/B00UZE8C1A?tag=eloabder-20&linkCode=osi&th=1&psc=1"><img src="https://m.media-amazon.com/images/I/31aLnXKZxfL._SL500_.jpg" alt="Product Image"></a><p>Chemical Guys ACC_S94 Convertible Top Horse Hair Cleaning Brush, Safe for Cloth Soft Tops, Upholstery, Leather, Furniture, & More</p><p>$14.99</p><a href="https://www.amazon.com/dp/B00UZE8C1A?tag=eloabder-20&linkCode=osi&th=1&psc=1">View Product</a></div><div class="product"><a href="https://www.amazon.com/dp/B000A8JNF0?tag=eloabder-20&linkCode=osi&th=1&psc=1"><img src="https://m.media-amazon.com/images/I/51PLChiVIrL._SL500_.jpg" alt="Product Image"></a><p>303 Products Convertible Fabric Top Cleaning and Care Kit - Cleans And Protects Fabric Tops - Includes Tonneau Cover And Convertible Top Cleaner 16 fl. oz. + Fabric Guard, (30520)</p><p>$32.79 ($1.02 / Fl Oz)</p><a href="https://www.amazon.com/dp/B000A8JNF0?tag=eloabder-20&linkCode=osi&th=1&psc=1">View Product</a></div>
<div class="product"><a href="https://www.amazon.com/dp/B0BCQ1XMWV?tag=eloabder-20&linkCode=osi&th=1&psc=1"><img src="https://m.media-amazon.com/images/I/41lV6Au-S9L._SL500_.jpg" alt="Product Image"></a><p>EMITHSUN® Windshield Wiper Blades Replacement for Honda Civic Coupe 2 Door 2005-2011,That Meet OEM Quality Front Wipers Blade Set for My Car-28"+24"(Set of 2)</p><p>$19.99</p><a href="https://www.amazon.com/dp/B0BCQ1XMWV?tag=eloabder-20&linkCode=osi&th=1&psc=1">View Product</a></div>
<div class="product"><a href="https://www.amazon.com/dp/B00I8ITVZG?tag=eloabder-20&linkCode=osi&th=1&psc=1"><img src="https://m.media-amazon.com/images/I/41TXd564pcL._SL500_.jpg" alt="Product Image"></a><p>ECOGARD XC36067 Premium Cabin Air Filter Fits Hyundai Genesis 2009-2016, Equus 2011-2016 | Genesis G80 2017-2021, G90 2019-2021, GV80 2021 | Kia K900 2020</p><p>$10.98</p><a href="https://www.amazon.com/dp/B00I8ITVZG?tag=eloabder-20&linkCode=osi&th=1&psc=1">View Product</a></div>

<div class="product"><a href="https://www.amazon.com/dp/B097C3NCP1?tag=eloabder-20&linkCode=osi&th=1&psc=1"><img src="https://m.media-amazon.com/images/I/41GXST2+s6L._SL500_.jpg" alt="Product Image"></a><p>Raidbee 12 inch Rear Wiper Blade Replacement for Toyota Corolla Hatchback 2022-2019, Nissan Versa 2019-2014 Back Windshield Wiper (H306/12-B)</p><p>$6.99</p><a href="https://www.amazon.com/dp/B097C3NCP1?tag=eloabder-20&linkCode=osi&th=1&psc=1">View Product</a></div>



<div class="product"><a href="https://www.amazon.com/dp/B0CQ4MLKHJ?tag=eloabder-20&linkCode=osi&th=1&psc=1"><img src="https://m.media-amazon.com/images/I/519f8covwQL._SL500_.jpg" alt="Product Image"></a><p>Feetiger All-in-1 Fire Extinguisher for Home, Kitchen, Car, Garage, RV, Truck, Boat, Camping, Fire Spray that Tackles Multiple Types of Fire, 2pack</p><p>$39.99</p><a href="https://www.amazon.com/dp/B0CQ4MLKHJ?tag=eloabder-20&linkCode=osi&th=1&psc=1">View Product</a></div>
<div class="product"><a href="https://www.amazon.com/dp/B07TS4JV6H?tag=eloabder-20&linkCode=osi&th=1&psc=1"><img src="https://m.media-amazon.com/images/I/412htpDd6fL._SL500_.jpg" alt="Product Image"></a><p>Police Flag Air Freshener, New Car Scent, 6-Pack</p><p>$9.99 ($1.66 / Count)</p><a href="https://www.amazon.com/dp/B07TS4JV6H?tag=eloabder-20&linkCode=osi&th=1&psc=1">View Product</a></div>


<div class="product"><a href="https://www.amazon.com/dp/B009EU5ZNO?tag=eloabder-20&linkCode=osi&th=1&psc=1"><img src="https://m.media-amazon.com/images/I/515MJLZbnoL._SL500_.jpg" alt="Product Image"></a><p>J-B Weld 50133 Plastic Bonder Structural Adhesive Syringe - Tan - 25 ml</p><p>$6.98 ($8.21 / Fl Oz)</p><a href="https://www.amazon.com/dp/B009EU5ZNO?tag=eloabder-20&linkCode=osi&th=1&psc=1">View Product</a></div>



<div class="product"><a href="https://www.amazon.com/dp/B09P6YZP72?tag=eloabder-20&linkCode=osi&th=1&psc=1"><img src="https://m.media-amazon.com/images/I/416rlvu+ayL._SL500_.jpg" alt="Product Image"></a><p>AUTOBOO 26"+20" Windshield Wipers with 16" Rear Wiper Blade Replacement for Dodge Grand Caravan 2008-2012 2013 2014 2015 2016 2017 2018 2019 -Original Factory Quality (Pack of 3)</p><p>$23.99</p><a href="https://www.amazon.com/dp/B09P6YZP72?tag=eloabder-20&linkCode=osi&th=1&psc=1">View Product</a></div><div class="product"><a href="https://www.amazon.com/dp/B0BLYQBDS8?tag=eloabder-20&linkCode=osi&th=1&psc=1"><img src="https://m.media-amazon.com/images/I/51SbpSR2zBL._SL500_.jpg" alt="Product Image"></a><p>A-Premium Engine Air Filter Compatible with Chrysler Town & Country & Dodge Grand Caravan & Ram C/V & Volkswagen Routan, 2011-2020, Flexible Panel, Replace# 4861737AA</p><p>$12.99</p><a href="https://www.amazon.com/dp/B0BLYQBDS8?tag=eloabder-20&linkCode=osi&th=1&psc=1">View Product</a></div>
<div class="product"><a href="https://www.amazon.com/dp/B001FCB4JS?tag=eloabder-20&linkCode=osi&th=1&psc=1"><img src="https://m.media-amazon.com/images/I/21wq6fxqiVL._SL500_.jpg" alt="Product Image"></a><p>Dicor BT-1834-1 Butyl Seal Tape - 1/8" x 3/4" x 30' Repair Tape for RV, Trailer, Motorhome, Window, and Vent Sealing</p><p>$13.15 ($0.44 / Foot)</p><a href="https://www.amazon.com/dp/B001FCB4JS?tag=eloabder-20&linkCode=osi&th=1&psc=1">View Product</a></div>
<div class="product"><a href="https://www.amazon.com/dp/B000BUQOD6?tag=eloabder-20&linkCode=osi&th=1&psc=1"><img src="https://m.media-amazon.com/images/I/41O0CoP1L3L._SL500_.jpg" alt="Product Image"></a><p>Camco Camper/RV Toilet Paper | Sewer-Safe, Septic-Safe & Biodegradable | Designed for Camper, Trailer & Marine Sanitation Systems | 1-Ply Tissue | 4 Toilet Paper Rolls – 280 Sheets per Roll (40275)</p><p>$5.99 ($2.14 / 100 Sheets)</p><a href="https://www.amazon.com/dp/B000BUQOD6?tag=eloabder-20&linkCode=osi&th=1&psc=1">View Product</a></div><div class="product"><a href="https://www.amazon.com/dp/B007JG1W1E?tag=eloabder-20&linkCode=osi&th=1&psc=1"><img src="https://m.media-amazon.com/images/I/41i-j99E9ML._SL500_.jpg" alt="Product Image"></a><p>Camco TST Camper / RV Grey Water Odor Control - Removes Grease Buildup in Gray Water Tank, Sink & Shower Drains - 4oz Treats 40-Gal Holding Tank - Safe Septic Tank Treatment - Lemon, 64 oz (40256)</p><p>$19.94 ($0.31 / Fl Oz)</p><a href="https://www.amazon.com/dp/B007JG1W1E?tag=eloabder-20&linkCode=osi&th=1&psc=1">View Product</a></div><div class="product"><a href="https://www.amazon.com/dp/B016V2OSD0?tag=eloabder-20&linkCode=osi&th=1&psc=1"><img src="https://m.media-amazon.com/images/I/31Jm99RYVXL._SL500_.jpg" alt="Product Image"></a><p>Camco TST MAX RV Toilet Treatment Drop-INs | Control Unwanted Odors and Break Down Waste and Tissue | Septic Tank Safe | Lavender Scent | 15-pack (41559)</p><p>$11.97 ($0.80 / Count)</p><a href="https://www.amazon.com/dp/B016V2OSD0?tag=eloabder-20&linkCode=osi&th=1&psc=1">View Product</a></div>






<div class="product"><a href="https://www.amazon.com/dp/B006GJYOL0?tag=eloabder-20&linkCode=osi&th=1&psc=1"><img src="https://m.media-amazon.com/images/I/41YPjiCzDfL._SL500_.jpg" alt="Product Image"></a><p>Boat Bling HS-0128 Hot Sauce Hard Water Spot Remover, Gallon Refill, for Boats, RVs, Powersport Vehicles and More, Black,1 Gallon</p><p>$54.95 ($0.43 / Fl Oz)</p><a href="https://www.amazon.com/dp/B006GJYOL0?tag=eloabder-20&linkCode=osi&th=1&psc=1">View Product</a></div><div class="product"><a href="https://www.amazon.com/dp/B0000AXVCB?tag=eloabder-20&linkCode=osi&th=1&psc=1"><img src="https://m.media-amazon.com/images/I/51gtsDb7zDL._SL500_.jpg" alt="Product Image"></a><p>Meguiar's M4364 Marine/RV Boat Wash - 64 Oz Container</p><p>$13.99 ($0.22 / Fl Oz)</p><a href="https://www.amazon.com/dp/B0000AXVCB?tag=eloabder-20&linkCode=osi&th=1&psc=1">View Product</a></div><div class="product"><a href="https://www.amazon.com/dp/B0007TR47G?tag=eloabder-20&linkCode=osi&th=1&psc=1"><img src="https://m.media-amazon.com/images/I/41Q4SzlVojL._SL500_.jpg" alt="Product Image"></a><p>Meguiar's Flagship Premium Marine Wax, Boat Polish and Oxidation Remover - 32 Oz Bottle</p><p>$21.49</p><a href="https://www.amazon.com/dp/B0007TR47G?tag=eloabder-20&linkCode=osi&th=1&psc=1">View Product</a></div><div class="product"><a href="https://www.amazon.com/dp/B006GJYLFY?tag=eloabder-20&linkCode=osi&th=1&psc=1"><img src="https://m.media-amazon.com/images/I/31G78TSjssL._SL500_.jpg" alt="Product Image"></a><p>Boat Bling Condition Sauce Premium Interior Moisturizer w/UV Protection, 32 oz.</p><p>$27.95</p><a href="https://www.amazon.com/dp/B006GJYLFY?tag=eloabder-20&linkCode=osi&th=1&psc=1">View Product</a></div><div class="product"><a href="https://www.amazon.com/dp/B006GJYKWI?tag=eloabder-20&linkCode=osi&th=1&psc=1"><img src="https://m.media-amazon.com/images/I/41AcDanNz-L._SL500_.jpg" alt="Product Image"></a><p>Boat Bling VS-0032 Vinyl Sauce Premium Vinyl and Leather Cleaner, 32 Oz., for Boats, RVs, Powersport Vehicles and More</p><p>$22.95 ($0.72 / Fl Oz)</p><a href="https://www.amazon.com/dp/B006GJYKWI?tag=eloabder-20&linkCode=osi&th=1&psc=1">View Product</a></div>
<div class="product"><a href="https://www.amazon.com/dp/B004OJTEKK?tag=eloabder-20&linkCode=osi&th=1&psc=1"><img src="https://m.media-amazon.com/images/I/41q8kkNiKOL._SL500_.jpg" alt="Product Image"></a><p>Shurhold Yacht Brite YBP-0302 Brite Wash - 1 Gallon</p><p>$23.97 ($0.19 / Fl Oz)</p><a href="https://www.amazon.com/dp/B004OJTEKK?tag=eloabder-20&linkCode=osi&th=1&psc=1">View Product</a></div>




<div class="product"><a href="https://www.amazon.com/dp/B0B2RDZNZB?tag=eloabder-20&linkCode=osi&th=1&psc=1"><img src="https://m.media-amazon.com/images/I/51RVSUoRuGL._SL500_.jpg" alt="Product Image"></a><p>Fancemot Helicopter Car Air Fresheners Rotating Solar Car Fresheners Airplane Car Perfume (Osmanthus & Vanilla)</p><p>$14.08</p><a href="https://www.amazon.com/dp/B0B2RDZNZB?tag=eloabder-20&linkCode=osi&th=1&psc=1">View Product</a></div><div class="product"><a href="https://www.amazon.com/dp/B0994PG1ZD?tag=eloabder-20&linkCode=osi&th=1&psc=1"><img src="https://m.media-amazon.com/images/I/413er0A8cVS._SL500_.jpg" alt="Product Image"></a><p>NICEADA Car Air Freshener, Helicopter Solar Energy Rotating Aromatherapy Aviation Al Alloy Diffuser, Interior Decoration Accessories Diffuser for Car and Home (Silver)</p><p>$23.99</p><a href="https://www.amazon.com/dp/B0994PG1ZD?tag=eloabder-20&linkCode=osi&th=1&psc=1">View Product</a></div><div class="product"><a href="https://www.amazon.com/dp/B09ZTMZKSJ?tag=eloabder-20&linkCode=osi&th=1&psc=1"><img src="https://m.media-amazon.com/images/I/41rz5PydC9L._SL500_.jpg" alt="Product Image"></a><p>Air Freshener, Gigicloud Car Fragrance Diffuser Solar Rotating Automotive Air Fresheners Ornament Helicopter Shape Solid Aromatherapy Decoration for Car and Home (Black)</p><p>$15.49</p><a href="https://www.amazon.com/dp/B09ZTMZKSJ?tag=eloabder-20&linkCode=osi&th=1&psc=1">View Product</a></div><div class="product"><a href="https://www.amazon.com/dp/B0CWNNPCD3?tag=eloabder-20&linkCode=osi&th=1&psc=1"><img src="https://m.media-amazon.com/images/I/51nznnJJhfL._SL500_.jpg" alt="Product Image"></a><p>Car Air Freshener Diffuser, KaiDengZhe 1PCS Helicopter Solar Energy Rotating Aromatherapy Aviation Al Alloy Diffuser, Car Diffuser for Essential Oils, Relieve Stress and Purifie Odors for Car and Home</p><p>$15.99</p><a href="https://www.amazon.com/dp/B0CWNNPCD3?tag=eloabder-20&linkCode=osi&th=1&psc=1">View Product</a></div><div class="product"><a href="https://www.amazon.com/dp/B0B8T47G65?tag=eloabder-20&linkCode=osi&th=1&psc=1"><img src="https://m.media-amazon.com/images/I/41d6cgVheqL._SL500_.jpg" alt="Product Image"></a><p>Joyfunky Car Air Fresheners with Solar Rotating, Creative Car Perfume Decoration, Relieve Stress and Purifie Odors, Use at Car, office and Home, Silver</p><p>$12.99</p><a href="https://www.amazon.com/dp/B0B8T47G65?tag=eloabder-20&linkCode=osi&th=1&psc=1">View Product</a></div><div class="product"><a href="https://www.amazon.com/dp/B0D4ZHJVK8?tag=eloabder-20&linkCode=osi&th=1&psc=1"><img src="https://m.media-amazon.com/images/I/41sEhsjtb4L._SL500_.jpg" alt="Product Image"></a><p>NICEADA Helicopter Solar Car Air Freshener Refill Set, Solar Essential Oil Refill Perfume Oil for Car Air Fresheners(4 Packs)</p><p>$21.99 ($24.99 / Fl Oz)</p><a href="https://www.amazon.com/dp/B0D4ZHJVK8?tag=eloabder-20&linkCode=osi&th=1&psc=1">View Product</a></div><div class="product"><a href="https://www.amazon.com/dp/B0D251XW47?tag=eloabder-20&linkCode=osi&th=1&psc=1"><img src="https://m.media-amazon.com/images/I/41x6lmNq9fL._SL500_.jpg" alt="Product Image"></a><p>Helicopter Car Air Fresheners with Solar Rotating, Creative Car Perfume Decoration, Car Airplane Fragrance Diffuser for Car, Home, Office (Silver)</p><p>$13.09</p><a href="https://www.amazon.com/dp/B0D251XW47?tag=eloabder-20&linkCode=osi&th=1&psc=1">View Product</a></div>

<div class="product"><a href="https://www.amazon.com/dp/B0D4154TQG?tag=eloabder-20&linkCode=osi&th=1&psc=1"><img src="https://m.media-amazon.com/images/I/217Iw-nO3UL._SL500_.jpg" alt="Product Image"></a><p>RV Curtain Glide Tape A115, 1/2 Inch Glides Clear RV Curtain Strip Curtain Slide Tape 72 Inches Long Use with Ceiling or Wall Mount Curtain Track A201 A202 (2 Pack)</p><p>$17.99</p><a href="https://www.amazon.com/dp/B0D4154TQG?tag=eloabder-20&linkCode=osi&th=1&psc=1">View Product</a></div>
<div class="product"><a href="https://www.amazon.com/dp/B08W4PQN8L?tag=eloabder-20&linkCode=osi&th=1&psc=1"><img src="https://m.media-amazon.com/images/I/41udmrd6QTL._SL500_.jpg" alt="Product Image"></a><p>Hot Air Balloon Novelty Air Freshener for Car - Sandalwood Scented Automotive Accessory New Mexico Souvenir Gift (Pack of 4)</p><p>$7.99 ($2.00 / Count)</p><a href="https://www.amazon.com/dp/B08W4PQN8L?tag=eloabder-20&linkCode=osi&th=1&psc=1">View Product</a></div>















<div class="product"><a href="https://www.amazon.com/dp/B0CP87K2VD?tag=eloabder-20&linkCode=osi&th=1&psc=1"><img src="https://m.media-amazon.com/images/I/41dTH4OPkcL._SL500_.jpg" alt="Product Image"></a><p>For harley air cleaner filter Touring street glide road king electra tri trike Dyna Sportster XL 883 1200 Softail air intake (Drift style -Contrast Cut, C-For Touring 08-16, Softail 16-17)</p><p>$125.00</p><a href="https://www.amazon.com/dp/B0CP87K2VD?tag=eloabder-20&linkCode=osi&th=1&psc=1">View Product</a></div><div class="product"><a href="https://www.amazon.com/dp/B08DNLNY3G?tag=eloabder-20&linkCode=osi&th=1&psc=1"><img src="https://m.media-amazon.com/images/I/51baNj3o8CL._SL500_.jpg" alt="Product Image"></a><p>2963308 HD1508 Ultra Classic Air Filter Cleaner for 2008-2014 Harley Davidson Street Glide, Electra Glide, Road King, Road Glide Custom, Ultra Classic and other select models HD-1508</p><p>$21.99</p><a href="https://www.amazon.com/dp/B08DNLNY3G?tag=eloabder-20&linkCode=osi&th=1&psc=1">View Product</a></div><div class="product"><a href="https://www.amazon.com/dp/B0CQ2KKC3N?tag=eloabder-20&linkCode=osi&th=1&psc=1"><img src="https://m.media-amazon.com/images/I/31W2a0gAwIL._SL500_.jpg" alt="Product Image"></a><p>High-Flo Replacement Air Filter Element For Ventilator - Milwaukee-Eight Engine '18-later Softail and '17-later Touring and Trike Models Equipped with 114 Air Cleaner</p><p>$39.99</p><a href="https://www.amazon.com/dp/B0CQ2KKC3N?tag=eloabder-20&linkCode=osi&th=1&psc=1">View Product</a></div><div class="product"><a href="https://www.amazon.com/dp/B0CPJ5BSGM?tag=eloabder-20&linkCode=osi&th=1&psc=1"><img src="https://m.media-amazon.com/images/I/41cUadnGKpL._SL500_.jpg" alt="Product Image"></a><p>For harley air cleaner filter sportster street road glide king for harley davidson motorcycle air intake (Nake style -Black, A-For Sportster XL models)</p><p>$169.00</p><a href="https://www.amazon.com/dp/B0CPJ5BSGM?tag=eloabder-20&linkCode=osi&th=1&psc=1">View Product</a></div><div class="product"><a href="https://www.amazon.com/dp/B0CR17NS1M?tag=eloabder-20&linkCode=osi&th=1&psc=1"><img src="https://m.media-amazon.com/images/I/41n57oM0A-L._SL500_.jpg" alt="Product Image"></a><p>For harley air cleaner filter Sportster Softail Touring street road king glide Dyna for harley davidson air intake filters (Speed 7 style -gray filter, C-For Touring 08-16, Softail 16-17)</p><p>$89.00</p><a href="https://www.amazon.com/dp/B0CR17NS1M?tag=eloabder-20&linkCode=osi&th=1&psc=1">View Product</a></div><div class="product"><a href="https://www.amazon.com/dp/B0CR167HDN?tag=eloabder-20&linkCode=osi&th=1&psc=1"><img src="https://m.media-amazon.com/images/I/41o4byfzbRL._SL500_.jpg" alt="Product Image"></a><p>For harley davidson air cleaner filter sportster Touring street glide road king electra Dyna Softail motorcycle air intake (Chromed- gray filter, C-For Touring 2008-2016)</p><p>$99.00</p><a href="https://www.amazon.com/dp/B0CR167HDN?tag=eloabder-20&linkCode=osi&th=1&psc=1">View Product</a></div>







<div class="product"><a href="https://www.amazon.com/dp/B08WH8CWDM?tag=eloabder-20&linkCode=osi&th=1&psc=1"><img src="https://m.media-amazon.com/images/I/41Jj3ouB+1L._SL500_.jpg" alt="Product Image"></a><p>Glaze 'N Seal Color Enhancer Paver Sealer, 1 Gallon (923)</p><p>$62.99</p><a href="https://www.amazon.com/dp/B08WH8CWDM?tag=eloabder-20&linkCode=osi&th=1&psc=1">View Product</a></div>

<div class="product"><a href="https://www.amazon.com/dp/B0B58G8WRX?tag=eloabder-20&linkCode=osi&th=1&psc=1"><img src="https://m.media-amazon.com/images/I/41hjxJMTGJL._SL500_.jpg" alt="Product Image"></a><p>Solarhome Air Filter 333-D2696 333D2696 Compatible with JCB Backhoe Loader 3CX 4CX Telehandler 531-70</p><p>$34.50</p><a href="https://www.amazon.com/dp/B0B58G8WRX?tag=eloabder-20&linkCode=osi&th=1&psc=1">View Product</a></div>




<div class="product"><a href="https://www.amazon.com/dp/B07G7XG6BV?tag=eloabder-20&linkCode=osi&th=1&psc=1"><img src="https://m.media-amazon.com/images/I/510tZGutn6L._SL500_.jpg" alt="Product Image"></a><p>Holikme 6Pack Cleaning Brush Power Scrubber Cleaning Brush Extended Long Attachment Set All Purpose Scrub Brushes Kit for Grout, Floor, Tub, Shower, Tile, Bathroom,Car Cleaning Brush，Yellow</p><p>$6.95</p><a href="https://www.amazon.com/dp/B07G7XG6BV?tag=eloabder-20&linkCode=osi&th=1&psc=1">View Product</a></div>



<div class="product"><a href="https://www.amazon.com/dp/B000FW2NWQ?tag=eloabder-20&linkCode=osi&th=1&psc=1"><img src="https://m.media-amazon.com/images/I/31VlBDw7uDL._SL500_.jpg" alt="Product Image"></a><p>Performance Tool W233 12-Inch Long Reach Extension Scraper with 3pc Double Edged Plastic Razor Scraper Blades and 3pc Carbon Steel Razor Scraper Blades</p><p>$10.31</p><a href="https://www.amazon.com/dp/B000FW2NWQ?tag=eloabder-20&linkCode=osi&th=1&psc=1">View Product</a></div>
<div class="product"><a href="https://www.amazon.com/dp/B0BV2CQ5SW?tag=eloabder-20&linkCode=osi&th=1&psc=1"><img src="https://m.media-amazon.com/images/I/51VkTDjGg4L._SL500_.jpg" alt="Product Image"></a><p>Filterelated Mixed Bed Deionized Di Resin Filter Fill, Suitable For Spotless Car Wash System Filter Change, Tds Filter, Aquarium Filter, Deionized Car Wash,5 Liters</p><p>$49.99</p><a href="https://www.amazon.com/dp/B0BV2CQ5SW?tag=eloabder-20&linkCode=osi&th=1&psc=1">View Product</a></div><div class="product"><a href="https://www.amazon.com/dp/B01MRVQ9UE?tag=eloabder-20&linkCode=osi&th=1&psc=1"><img src="https://m.media-amazon.com/images/I/51+i6fjU6tL._SL500_.jpg" alt="Product Image"></a><p>Husqvarna XP Pre-Mixed Fuel and Engine Oil Quart (3 Pack),Blue</p><p>$32.99 ($0.34 / Count)</p><a href="https://www.amazon.com/dp/B01MRVQ9UE?tag=eloabder-20&linkCode=osi&th=1&psc=1">View Product</a></div>




<div class="product"><a href="https://www.amazon.com/dp/B01N2G2NEJ?tag=eloabder-20&linkCode=osi&th=1&psc=1"><img src="https://m.media-amazon.com/images/I/41-5g4zEDpL._SL500_.jpg" alt="Product Image"></a><p>Chemical Guys SPI10816 Heavy Duty Water Spot Remover, Safe for Cars, Trucks, Motorcycles, RVs & More, 16 fl oz</p><p>$17.97 ($1.12 / Fl Oz)</p><a href="https://www.amazon.com/dp/B01N2G2NEJ?tag=eloabder-20&linkCode=osi&th=1&psc=1">View Product</a></div>









<div class="product"><a href="https://www.amazon.com/dp/B08YRVH2QV?tag=eloabder-20&linkCode=osi&th=1&psc=1"><img src="https://m.media-amazon.com/images/I/5164O-Jr2QL._SL500_.jpg" alt="Product Image"></a><p>Thetford AquaMAX Summer Cypress Scent RV Holding Tank Treatment, Formaldehyde Free, Waste Digester, Septic Tank Safe, 5 Gallon Bottle (96754)</p><p>$248.18</p><a href="https://www.amazon.com/dp/B08YRVH2QV?tag=eloabder-20&linkCode=osi&th=1&psc=1">View Product</a></div><div class="product"><a href="https://www.amazon.com/dp/B0BPMW7485?tag=eloabder-20&linkCode=osi&th=1&psc=1"><img src="https://m.media-amazon.com/images/I/51WNuQeew7L._SL500_.jpg" alt="Product Image"></a><p>XFasten Butyl Tape Black 1/2” x 30’ x 1/8" Butyl Sealant Tape Headlight Sealant Putty Tape | Black Butyl Caulking Tape | Butyl Tape RV Putty Tape EPDM Automotive Butyl Rubber Window Sealant for RV</p><p>$13.99 ($0.47 / Foot)</p><a href="https://www.amazon.com/dp/B0BPMW7485?tag=eloabder-20&linkCode=osi&th=1&psc=1">View Product</a></div>
<div class="product"><a href="https://www.amazon.com/dp/B006DXWZQU?tag=eloabder-20&linkCode=osi&th=1&psc=1"><img src="https://m.media-amazon.com/images/I/41wtqfFFfQL._SL500_.jpg" alt="Product Image"></a><p>FRAM Ultra Synthetic Automotive Replacement Oil Filter, Designed for Synthetic Oil Changes Lasting up to 20k Miles, XG10575 with SureGrip (Pack of 1)</p><p>$10.79</p><a href="https://www.amazon.com/dp/B006DXWZQU?tag=eloabder-20&linkCode=osi&th=1&psc=1">View Product</a></div><div class="product"><a href="https://www.amazon.com/dp/B01LH7L0XA?tag=eloabder-20&linkCode=osi&th=1&psc=1"><img src="https://m.media-amazon.com/images/I/41yD3QmbyZL._SL500_.jpg" alt="Product Image"></a><p>Shell Rotella T4 Triple Protection Conventional 15W-40 Diesel Engine Oil (1-Gallon, Single Pack)</p><p>$15.98 ($0.12 / Fl Oz)</p><a href="https://www.amazon.com/dp/B01LH7L0XA?tag=eloabder-20&linkCode=osi&th=1&psc=1">View Product</a></div><div class="product"><a href="https://www.amazon.com/dp/B00ICSWGJ0?tag=eloabder-20&linkCode=osi&th=1&psc=1"><img src="https://m.media-amazon.com/images/I/41Ahz5dVc5L._SL500_.jpg" alt="Product Image"></a><p>Castrol Edge 5W-30 Advanced Full Synthetic Motor Oil, 5 Quarts</p><p>$24.72 ($0.15 / Fl Oz)</p><a href="https://www.amazon.com/dp/B00ICSWGJ0?tag=eloabder-20&linkCode=osi&th=1&psc=1">View Product</a></div><div class="product"><a href="https://www.amazon.com/dp/B01N8RPDT8?tag=eloabder-20&linkCode=osi&th=1&psc=1"><img src="https://m.media-amazon.com/images/I/41Qm+9e8sCL._SL500_.jpg" alt="Product Image"></a><p>Motorcraft - Oil - Engine (XO10W305Q3SD)</p><p>$32.27</p><a href="https://www.amazon.com/dp/B01N8RPDT8?tag=eloabder-20&linkCode=osi&th=1&psc=1">View Product</a></div>
<div class="product"><a href="https://www.amazon.com/dp/B07FTRZLM5?tag=eloabder-20&linkCode=osi&th=1&psc=1"><img src="https://m.media-amazon.com/images/I/416uoNYOsXL._SL500_.jpg" alt="Product Image"></a><p>Chemical Guys HOL126 14-Piece Arsenal Builder Car Wash Kit with Foam Gun, Bucket, and (5) 16 oz Car Care Cleaning Chemicals, Gift for Car & Truck Lovers, Dads and DIYers (Works w/Garden Hose)</p><p>$119.99</p><a href="https://www.amazon.com/dp/B07FTRZLM5?tag=eloabder-20&linkCode=osi&th=1&psc=1">View Product</a></div><div class="product"><a href="https://www.amazon.com/dp/B0741RL23Q?tag=eloabder-20&linkCode=osi&th=1&psc=1"><img src="https://m.media-amazon.com/images/I/410wwKZBYVL._SL500_.jpg" alt="Product Image"></a><p>Chemical Guys SPI220 Total Interior Cleaner and Protectant, Safe for Cars, Trucks, SUVs, Jeeps, Motorcycles, RVs & More, 128 fl oz (1 Gallon)</p><p>$54.99 ($0.43 / Fl Oz)</p><a href="https://www.amazon.com/dp/B0741RL23Q?tag=eloabder-20&linkCode=osi&th=1&psc=1">View Product</a></div><div class="product"><a href="https://www.amazon.com/dp/B002J7VX4Y?tag=eloabder-20&linkCode=osi&th=1&psc=1"><img src="https://m.media-amazon.com/images/I/41oijnffQ0L._SL500_.jpg" alt="Product Image"></a><p>Chemical Guys AIR_101_16 New Car Smell Premium Air Freshener and Odor Eliminator, Long-Lasting Scent, Great for Cars, Trucks, SUVs, RVs & More, 16 fl oz</p><p>$10.99 ($0.69 / Fl Oz)</p><a href="https://www.amazon.com/dp/B002J7VX4Y?tag=eloabder-20&linkCode=osi&th=1&psc=1">View Product</a></div><div class="product"><a href="https://www.amazon.com/dp/B077TPG55M?tag=eloabder-20&linkCode=osi&th=1&psc=1"><img src="https://m.media-amazon.com/images/I/51aYksYRthL._SL500_.jpg" alt="Product Image"></a><p>Chemical Guys CWS20264 Tough Mudder Foaming Truck, Off Road, ATV and RV Heavy Duty Wash Soap,(Works with Foam Cannons, Foam Guns or Bucket Washes), 64 fl oz (Half Gallon), Lemon Scent</p><p>$39.99 ($0.62 / Fl Oz)</p><a href="https://www.amazon.com/dp/B077TPG55M?tag=eloabder-20&linkCode=osi&th=1&psc=1">View Product</a></div><div class="product"><a href="https://www.amazon.com/dp/B00BJCAPEE?tag=eloabder-20&linkCode=osi&th=1&psc=1"><img src="https://m.media-amazon.com/images/I/416RIPKVW1L._SL500_.jpg" alt="Product Image"></a><p>Chemical Guys CWS_402 Mr. Pink Foaming Car Wash Soap (Works with Foam Cannons, Foam Guns or Bucket Washes) Safe for Cars, Trucks, Motorcycles, RVs & More, 128 fl oz, Candy Scent</p><p>$39.99 ($0.31 / Fl Oz)</p><a href="https://www.amazon.com/dp/B00BJCAPEE?tag=eloabder-20&linkCode=osi&th=1&psc=1">View Product</a></div><div class="product"><a href="https://www.amazon.com/dp/B01C6AISUK?tag=eloabder-20&linkCode=osi&th=1&psc=1"><img src="https://m.media-amazon.com/images/I/41FrDCDPB6S._SL500_.jpg" alt="Product Image"></a><p>Chemical Guys CLD_700_16 Mat Renew Rubber + Vinyl Floor Mat Cleaner And Protectant, Safe for Cars, Trucks, SUVs, Motorcycles, RVs & More, 16 fl oz</p><p>$10.99 ($0.69 / Fl Oz)</p><a href="https://www.amazon.com/dp/B01C6AISUK?tag=eloabder-20&linkCode=osi&th=1&psc=1">View Product</a></div><div class="product"><a href="https://www.amazon.com/dp/B01N76S0A7?tag=eloabder-20&linkCode=osi&th=1&psc=1"><img src="https://m.media-amazon.com/images/I/51jurhYPCgL._SL500_.jpg" alt="Product Image"></a><p>Chemical Guys HOL131 Premium Chenille Microfiber Car Wash Mop and Heavy Duty Extendable Pole Kit (Great for RVs, Trucks, SUVs, Jeeps & Large Vehicles), With Mr. Pink Foaming Car Wash Soap - 4 fl oz</p><p>$49.99</p><a href="https://www.amazon.com/dp/B01N76S0A7?tag=eloabder-20&linkCode=osi&th=1&psc=1">View Product</a></div><div class="product"><a href="https://www.amazon.com/dp/B009OTW646?tag=eloabder-20&linkCode=osi&th=1&psc=1"><img src="https://m.media-amazon.com/images/I/41lG36UqLBL._SL500_.jpg" alt="Product Image"></a><p>Chemical Guys CWS 110 Honeydew Snow Foam Car Wash Soap (Works with Foam Cannons, Guns or Bucket Washes) Safe for Trucks, Motorcycles, RVs & More, 128 fl oz (1 Gallon), Honeydew Scent</p><p>$39.99 ($0.31 / Fl Oz)</p><a href="https://www.amazon.com/dp/B009OTW646?tag=eloabder-20&linkCode=osi&th=1&psc=1">View Product</a></div><div class="product"><a href="https://www.amazon.com/dp/B08P54Z2C2?tag=eloabder-20&linkCode=osi&th=1&psc=1"><img src="https://m.media-amazon.com/images/I/41Ra65iS2OL._SL500_.jpg" alt="Product Image"></a><p>Chemical Guys WAC23316 HydroSpeed Ceramic Quick Detailer, Safe for Cars, Trucks, SUVs, Motorcycles, RVs & More, 16 fl oz</p><p>$24.99</p><a href="https://www.amazon.com/dp/B08P54Z2C2?tag=eloabder-20&linkCode=osi&th=1&psc=1">View Product</a></div>
<div class="product"><a href="https://www.amazon.com/dp/B0C7WLPQC7?tag=eloabder-20&linkCode=osi&th=1&psc=1"><img src="https://m.media-amazon.com/images/I/41hJeSxsSWL._SL500_.jpg" alt="Product Image"></a><p>Detail King Car Odor Removal - Chlorine Dioxide Cup - Extreme Odor Eliminator For Car - Safe And Easy To Use (3 Oz (Pack of 1) - Plastic)</p><p>$24.95 ($8.32 / Ounce)</p><a href="https://www.amazon.com/dp/B0C7WLPQC7?tag=eloabder-20&linkCode=osi&th=1&psc=1">View Product</a></div>

<div class="product"><a href="https://www.amazon.com/dp/B0052XFWCG?tag=eloabder-20&linkCode=osi&th=1&psc=1"><img src="https://m.media-amazon.com/images/I/41qajeJVXLL._SL500_.jpg" alt="Product Image"></a><p>Hot Shot's Secret HSS64Z Original Stiction Eliminator 64 Fluid Ounce Bottle, Green</p><p>$53.45 ($0.84 / Fl Oz)</p><a href="https://www.amazon.com/dp/B0052XFWCG?tag=eloabder-20&linkCode=osi&th=1&psc=1">View Product</a></div><div class="product"><a href="https://www.amazon.com/dp/B009M64CAW?tag=eloabder-20&linkCode=osi&th=1&psc=1"><img src="https://m.media-amazon.com/images/I/417D8X0nkBL._SL500_.jpg" alt="Product Image"></a><p>Lucas Oil 10679 Hot Rod & Classic Car SAE 10W-30 Motor Oil - 5 Quart</p><p>$38.50 ($0.24 / Fl Oz)</p><a href="https://www.amazon.com/dp/B009M64CAW?tag=eloabder-20&linkCode=osi&th=1&psc=1">View Product</a></div><div class="product"><a href="https://www.amazon.com/dp/B01L9ARY9O?tag=eloabder-20&linkCode=osi&th=1&psc=1"><img src="https://m.media-amazon.com/images/I/51yaZAYH75L._SL500_.jpg" alt="Product Image"></a><p>FPPF Chemical Co 00161 16 OZ HOT 4-in-1 Heating Oil Treatment (2 Bottles)</p><p>$26.42</p><a href="https://www.amazon.com/dp/B01L9ARY9O?tag=eloabder-20&linkCode=osi&th=1&psc=1">View Product</a></div><div class="product"><a href="https://www.amazon.com/dp/B009M64CUM?tag=eloabder-20&linkCode=osi&th=1&psc=1"><img src="https://m.media-amazon.com/images/I/41yiWaF8YQL._SL500_.jpg" alt="Product Image"></a><p>Lucas Oil 10683 Hot Rod & Classic Car SAE 10W-40 Motor Oil - 5 Quart</p><p>$43.24 ($0.27 / Fl Oz)</p><a href="https://www.amazon.com/dp/B009M64CUM?tag=eloabder-20&linkCode=osi&th=1&psc=1">View Product</a></div><div class="product"><a href="https://www.amazon.com/dp/B0973HNRH9?tag=eloabder-20&linkCode=osi&th=1&psc=1"><img src="https://m.media-amazon.com/images/I/41kyGGJa--L._SL500_.jpg" alt="Product Image"></a><p>Hot Shot's Secret FR3 Friction Reducer 64 Fluid Ounce 2 Quarts, Light Yellow Liquid, (HSSFR364Z)</p><p>$59.73 ($0.93 / Fl Oz)</p><a href="https://www.amazon.com/dp/B0973HNRH9?tag=eloabder-20&linkCode=osi&th=1&psc=1">View Product</a></div><div class="product"><a href="https://www.amazon.com/dp/B082YFQQ25?tag=eloabder-20&linkCode=osi&th=1&psc=1"><img src="https://m.media-amazon.com/images/I/511PTX7LlZL._SL500_.jpg" alt="Product Image"></a><p>Hot Shot's Secret Green Diamond 100 Percent Synthetic 15W40 Oil Diesel 1 Gallon</p><p>$39.99 ($0.31 / Fl Oz)</p><a href="https://www.amazon.com/dp/B082YFQQ25?tag=eloabder-20&linkCode=osi&th=1&psc=1">View Product</a></div>















<div class="product"><a href="https://www.amazon.com/dp/B08PTMXCJL?tag=eloabder-20&linkCode=osi&th=1&psc=1"><img src="https://m.media-amazon.com/images/I/410eJv-7UHL._SL500_.jpg" alt="Product Image"></a><p>Moly Grease | 3% Molybdenum Disulfide | Fifth Wheel | 5th | Automotive | Tractor | Axle | Spline | CV Joint | Lithium EP Grease | High Temp | 35 LB Pail Bucket | Black Moly | NLGI 2 | HeavyDuty Moly</p><p>$174.99 ($0.31 / Ounce)</p><a href="https://www.amazon.com/dp/B08PTMXCJL?tag=eloabder-20&linkCode=osi&th=1&psc=1">View Product</a></div><div class="product"><a href="https://www.amazon.com/dp/B08PTHJTK5?tag=eloabder-20&linkCode=osi&th=1&psc=1"><img src="https://m.media-amazon.com/images/I/41VdMjJ38aL._SL500_.jpg" alt="Product Image"></a><p>Wheel Bearing Grease Pail | Lithium Complex | High Temp EP | CV Joint | Axle | Automotive | Tractor | Truck | Ball Joint | Marine Boat | Gear | Heavy Duty | Blue | 35 LB Bucket | NLGI 2 | MultiPurpose</p><p>$167.99 ($0.30 / Ounce)</p><a href="https://www.amazon.com/dp/B08PTHJTK5?tag=eloabder-20&linkCode=osi&th=1&psc=1">View Product</a></div><div class="product"><a href="https://www.amazon.com/dp/B0013J1UA6?tag=eloabder-20&linkCode=osi&th=1&psc=1"><img src="https://m.media-amazon.com/images/I/41G0Fkf7KnL._SL500_.jpg" alt="Product Image"></a><p>CRC Food Grade Chain Lube 03055 – 12 Wt. Oz. Aerosol, NSF H1 Gear, Chain, and Wire Lubricant</p><p>$19.25 ($1.60 / Ounce)</p><a href="https://www.amazon.com/dp/B0013J1UA6?tag=eloabder-20&linkCode=osi&th=1&psc=1">View Product</a></div>





<div class="product"><a href="https://www.amazon.com/dp/B08GQ9G2V5?tag=eloabder-20&linkCode=osi&th=1&psc=1"><img src="https://m.media-amazon.com/images/I/511+rapOlWL._SL500_.jpg" alt="Product Image"></a><p>Armor All Car Air Freshener and Purifier, Car Odor Eliminator, 1.5 Ounce (Pack of 3)</p><p>$21.21 ($4.71 / Ounce)</p><a href="https://www.amazon.com/dp/B08GQ9G2V5?tag=eloabder-20&linkCode=osi&th=1&psc=1">View Product</a></div>







<div class="product"><a href="https://www.amazon.com/dp/B001229JCU?tag=eloabder-20&linkCode=osi&th=1&psc=1"><img src="https://m.media-amazon.com/images/I/31W6FuKPMcL._SL500_.jpg" alt="Product Image"></a><p>First Alert EZ Fire Spray, Extinguishing Aerosol Spray, AF400 Red 18 Ounce (Pack of 1)</p><p>$12.49</p><a href="https://www.amazon.com/dp/B001229JCU?tag=eloabder-20&linkCode=osi&th=1&psc=1">View Product</a></div><div class="product"><a href="https://www.amazon.com/dp/B002U0KGDY?tag=eloabder-20&linkCode=osi&th=1&psc=1"><img src="https://m.media-amazon.com/images/I/51p6R+mcRhL._SL500_.jpg" alt="Product Image"></a><p>First Alert EZ Fire Spray, Extinguishing Aerosol Spray, Pack of 2, AF400-2, RED</p><p>$27.02</p><a href="https://www.amazon.com/dp/B002U0KGDY?tag=eloabder-20&linkCode=osi&th=1&psc=1">View Product</a></div>
<div class="product"><a href="https://www.amazon.com/dp/B0088LVBUQ?tag=eloabder-20&linkCode=osi&th=1&psc=1"><img src="https://m.media-amazon.com/images/I/31h7l-l6u2L._SL500_.jpg" alt="Product Image"></a><p>Seymour EN-59 Hi-Tech Engine Spray Paint, General Motors Red</p><p>$9.08 ($0.76 / Ounce)</p><a href="https://www.amazon.com/dp/B0088LVBUQ?tag=eloabder-20&linkCode=osi&th=1&psc=1">View Product</a></div>




<div class="product"><a href="https://www.amazon.com/dp/B000HBNU9K?tag=eloabder-20&linkCode=osi&th=1&psc=1"><img src="https://m.media-amazon.com/images/I/41URzfKaVsL._SL500_.jpg" alt="Product Image"></a><p>Permatex 27828 Body Shop Heavy Duty Headliner Adhesive, High-Strength Spray Adhesive, Repair Detached Or Loose Interior Parts, Dries Clear, Aerosol Can, 16.75 Oz</p><p>$17.05 ($1.02 / Ounce)</p><a href="https://www.amazon.com/dp/B000HBNU9K?tag=eloabder-20&linkCode=osi&th=1&psc=1">View Product</a></div><div class="product"><a href="https://www.amazon.com/dp/B001VXXEXU?tag=eloabder-20&linkCode=osi&th=1&psc=1"><img src="https://m.media-amazon.com/images/I/5112onMwzaL._SL500_.jpg" alt="Product Image"></a><p>Vibra-TITE 213 Red VC-3 Original Threadmate, 250ml Can</p><p>$99.19</p><a href="https://www.amazon.com/dp/B001VXXEXU?tag=eloabder-20&linkCode=osi&th=1&psc=1">View Product</a></div><div class="product"><a href="https://www.amazon.com/dp/B0CWPSLTR1?tag=eloabder-20&linkCode=osi&th=1&psc=1"><img src="https://m.media-amazon.com/images/I/31ytleZjjaL._SL500_.jpg" alt="Product Image"></a><p>P & S PROFESSIONAL DETAIL PRODUCTS - Terminator Enzyme Spot and Stain Remover - Perfect for Deodorizing, Removing Embedded Soils, Grease, Dirt, and Protein-Based Stains; Fresh Scent (1 Quart)</p><p>$25.95 ($0.81 / Fl Oz)</p><a href="https://www.amazon.com/dp/B0CWPSLTR1?tag=eloabder-20&linkCode=osi&th=1&psc=1">View Product</a></div><div class="product"><a href="https://www.amazon.com/dp/B07GFNQL9H?tag=eloabder-20&linkCode=osi&th=1&psc=1"><img src="https://m.media-amazon.com/images/I/41AA3Nbt8OL._SL500_.jpg" alt="Product Image"></a><p>Gunk FEB1 Foamy Engine Brite Engine Cleaner - 17oz. 2 Pack</p><p>$17.95 ($0.53 / Ounce)</p><a href="https://www.amazon.com/dp/B07GFNQL9H?tag=eloabder-20&linkCode=osi&th=1&psc=1">View Product</a></div>



<div class="product"><a href="https://www.amazon.com/dp/B003SKCARK?tag=eloabder-20&linkCode=osi&th=1&psc=1"><img src="https://m.media-amazon.com/images/I/41rvU5irgRL._SL500_.jpg" alt="Product Image"></a><p>Obenauf's Heavy Duty LP Leather Preservative (4oz)- All Natural Beeswax Oil Conditioner- Rejuvenate Restore & Preserve Sunfaded or Cracked Boots Jackets Saddles Car Auto Upholstery Furniture- USA Made</p><p>$15.99</p><a href="https://www.amazon.com/dp/B003SKCARK?tag=eloabder-20&linkCode=osi&th=1&psc=1">View Product</a></div>
Aucun résultat trouvé.

<div class="product"><a href="https://www.amazon.com/dp/B0CLWDDWHX?tag=eloabder-20&linkCode=osi&th=1&psc=1"><img src="https://m.media-amazon.com/images/I/51HPMtia03L._SL500_.jpg" alt="Product Image"></a><p>Fire Fix Fire Extinguisher for Home 5-Pack | Made in USA | Emergency Fire Spray Foam for Apartment, Boat, Camping, Car, House, Kitchen & Vehicle | Safety & Survival | Compact, Small, Safe & Easy Use</p><p>$56.95</p><a href="https://www.amazon.com/dp/B0CLWDDWHX?tag=eloabder-20&linkCode=osi&th=1&psc=1">View Product</a></div><div class="product"><a href="https://www.amazon.com/dp/B0CKZF9H3D?tag=eloabder-20&linkCode=osi&th=1&psc=1"><img src="https://m.media-amazon.com/images/I/41+Q4YdByuL._SL500_.jpg" alt="Product Image"></a><p>Firexo All Fires Fire Extinguisher - Multipurpose Mini Aerosol - Pack of 6 - Home, Kitchen, Car, Garage, Boat, Caravan, Camping Household, ABC, Vehicle, Compact, RV, Emergency Equipment (0.1 Gal)</p><p>$139.99</p><a href="https://www.amazon.com/dp/B0CKZF9H3D?tag=eloabder-20&linkCode=osi&th=1&psc=1">View Product</a></div>
Aucun résultat trouvé.
Aucun résultat trouvé.






<div class="product"><a href="https://www.amazon.com/dp/B00FOKOKMU?tag=eloabder-20&linkCode=osi&th=1&psc=1"><img src="https://m.media-amazon.com/images/I/41KsUW-6WOL._SL500_.jpg" alt="Product Image"></a><p>The Original Leather Recoloring Balm by Furniture Clinic - 16 Colors - Leather Repair Kit for Furniture - Restore Couches, Car Seats & More - Leather Dye for Scratched and Faded Leather (Beige)</p><p>$29.95</p><a href="https://www.amazon.com/dp/B00FOKOKMU?tag=eloabder-20&linkCode=osi&th=1&psc=1">View Product</a></div>


<div class="product"><a href="https://www.amazon.com/dp/B0BQX6CPLS?tag=eloabder-20&linkCode=osi&th=1&psc=1"><img src="https://m.media-amazon.com/images/I/51OtuHOIJpL._SL500_.jpg" alt="Product Image"></a><p>Dry Stop Fire Spray by Prepared Hero - 8 Pack - Portable Fire Extinguisher for Home, Car, Garage, Kitchen - Works on Electrical, Grease, Battery Fires & More - Compact, Easy to Use</p><p>$143.99</p><a href="https://www.amazon.com/dp/B0BQX6CPLS?tag=eloabder-20&linkCode=osi&th=1&psc=1">View Product</a></div><div class="product"><a href="https://www.amazon.com/dp/B0BQX76B9K?tag=eloabder-20&linkCode=osi&th=1&psc=1"><img src="https://m.media-amazon.com/images/I/51iHCSuHw5L._SL500_.jpg" alt="Product Image"></a><p>Vapor Clean Fire Spray by Prepared Hero - 8 Pack - Portable Fire Extinguisher for Home, Car, Garage, Kitchen - Works on Electrical, Grease, Battery Fires & More - Compact, Easy to Use</p><p>$143.99</p><a href="https://www.amazon.com/dp/B0BQX76B9K?tag=eloabder-20&linkCode=osi&th=1&psc=1">View Product</a></div><div class="product"><a href="https://www.amazon.com/dp/B0C32NVZJZ?tag=eloabder-20&linkCode=osi&th=1&psc=1"><img src="https://m.media-amazon.com/images/I/61coxTM3mSL._SL500_.jpg" alt="Product Image"></a><p>Houandg Water-Based Fire Extinguisher- 2 Pack Portable Solution for All Fire Types in Homes, Vehicles, Kitchens - Prevents Re-Ignition</p><p>$33.98</p><a href="https://www.amazon.com/dp/B0C32NVZJZ?tag=eloabder-20&linkCode=osi&th=1&psc=1">View Product</a></div>
<div class="product"><a href="https://www.amazon.com/dp/B00L3W1OAO?tag=eloabder-20&linkCode=osi&th=1&psc=1"><img src="https://m.media-amazon.com/images/I/414uILMLuaL._SL500_.jpg" alt="Product Image"></a><p>Pro F/X Rubber Mask Grease Wheel - 1 Ounce - Trauma</p><p>$27.01</p><a href="https://www.amazon.com/dp/B00L3W1OAO?tag=eloabder-20&linkCode=osi&th=1&psc=1">View Product</a></div>
<div class="product"><a href="https://www.amazon.com/dp/B0CZ16SHCH?tag=eloabder-20&linkCode=osi&th=1&psc=1"><img src="https://m.media-amazon.com/images/I/31pYxaz4gYL._SL500_.jpg" alt="Product Image"></a><p>P & S PROFESSIONAL DETAIL PRODUCTS - Rehab - Paint Correction Creme Safe for All Paint Types and with Multiple pad Types - Easy-to-use-Formula Works at Any Stage of Paint Correction - 1 Quart</p><p>$56.95</p><a href="https://www.amazon.com/dp/B0CZ16SHCH?tag=eloabder-20&linkCode=osi&th=1&psc=1">View Product</a></div><div class="product"><a href="https://www.amazon.com/dp/B082BG8HLX?tag=eloabder-20&linkCode=osi&th=1&psc=1"><img src="https://m.media-amazon.com/images/I/31OAXbv7QFL._SL500_.jpg" alt="Product Image"></a><p>Lithium Auto Elixirs Color Crush- A rather intense approach to an Instant Detailer, Infused with color enhancing technology - Extremely Hydrophobic ingredients, long lasting Instant Detailer</p><p>$19.95 ($1.25 / Fl Oz)</p><a href="https://www.amazon.com/dp/B082BG8HLX?tag=eloabder-20&linkCode=osi&th=1&psc=1">View Product</a></div><div class="product"><a href="https://www.amazon.com/dp/B07MTPWZ76?tag=eloabder-20&linkCode=osi&th=1&psc=1"><img src="https://m.media-amazon.com/images/I/41v5yubrqoL._SL500_.jpg" alt="Product Image"></a><p>Lithium Seal and Squeal Paint Sealant/Polish - Incredible Shine and Lasting Protection - Curable Amino Functional Polymers Fused with Si02 Ceramic Nano Technology -Lasts for up to 12 Months (16 oz)</p><p>$39.99 ($2.50 / Ounce)</p><a href="https://www.amazon.com/dp/B07MTPWZ76?tag=eloabder-20&linkCode=osi&th=1&psc=1">View Product</a></div><div class="product"><a href="https://www.amazon.com/dp/B07MVNX377?tag=eloabder-20&linkCode=osi&th=1&psc=1"><img src="https://m.media-amazon.com/images/I/31gEqFf7rhL._SL500_.jpg" alt="Product Image"></a><p>Leather Love - The Best Leather Conditioner On The Planet, Brings Old Leather Back To Life, All Natural Ingredients Mixed With Serious Science, Restores, Rehydrates, Protects (8oz)</p><p>$28.99 ($3.62 / Ounce)</p><a href="https://www.amazon.com/dp/B07MVNX377?tag=eloabder-20&linkCode=osi&th=1&psc=1">View Product</a></div><div class="product"><a href="https://www.amazon.com/dp/B07MTQP514?tag=eloabder-20&linkCode=osi&th=1&psc=1"><img src="https://m.media-amazon.com/images/I/311IYwH-oaL._SL500_.jpg" alt="Product Image"></a><p>Trim Serum- Plastic Restorer- Restores Even the Most Damaged Plastic, Rubber and Vinyl, Last For Months, Penetrates Plastic Pores Restoring Color. (16 Oz)</p><p>$36.99</p><a href="https://www.amazon.com/dp/B07MTQP514?tag=eloabder-20&linkCode=osi&th=1&psc=1">View Product</a></div><div class="product"><a href="https://www.amazon.com/dp/B07236X7TS?tag=eloabder-20&linkCode=osi&th=1&psc=1"><img src="https://m.media-amazon.com/images/I/51-mgxYD9kL._SL500_.jpg" alt="Product Image"></a><p>Skidmore's Biker Edition Leather Cream | All Natural Formula Cleans, Conditions, and Protects your Motorcycle | Made in USA</p><p>$44.98</p><a href="https://www.amazon.com/dp/B07236X7TS?tag=eloabder-20&linkCode=osi&th=1&psc=1">View Product</a></div><div class="product"><a href="https://www.amazon.com/dp/B001CS6HH4?tag=eloabder-20&linkCode=osi&th=1&psc=1"><img src="https://m.media-amazon.com/images/I/41wY0SB+DWL._SL500_.jpg" alt="Product Image"></a><p>Fiebing's Yellow Saddle Soap for Leather (3.5 oz Tin) - Leather Cleaner & Conditioner to Soften, Protect & Restore Leathercraft - Leather Soap for Car Seat, Couch, Shoe, Purse, Boot, Bag, & Saddles</p><p>$7.15 ($2.04 / Ounce)</p><a href="https://www.amazon.com/dp/B001CS6HH4?tag=eloabder-20&linkCode=osi&th=1&psc=1">View Product</a></div><div class="product"><a href="https://www.amazon.com/dp/B08RHZ1BKD?tag=eloabder-20&linkCode=osi&th=1&psc=1"><img src="https://m.media-amazon.com/images/I/21WKh31c4tL._SL500_.jpg" alt="Product Image"></a><p>Lithium Ignite After Wash - Conditions and Shines Surfaces as You Dry. Streak-Free Hydrophobic Formula adds Lubrication to Stop Micro Scratching While Surfaces pop with Color.</p><p>$21.99 ($1.37 / Fl Oz)</p><a href="https://www.amazon.com/dp/B08RHZ1BKD?tag=eloabder-20&linkCode=osi&th=1&psc=1">View Product</a></div><div class="product"><a href="https://www.amazon.com/dp/B0003A1T3E?tag=eloabder-20&linkCode=osi&th=1&psc=1"><img src="https://m.media-amazon.com/images/I/41042PKJ1ZL._SL500_.jpg" alt="Product Image"></a><p>URAD One step All-In-One Leather conditioner 140g - NEUTRAL</p><p>$16.13</p><a href="https://www.amazon.com/dp/B0003A1T3E?tag=eloabder-20&linkCode=osi&th=1&psc=1">View Product</a></div>

<div class="product"><a href="https://www.amazon.com/dp/B0B3NFH3QY?tag=eloabder-20&linkCode=osi&th=1&psc=1"><img src="https://m.media-amazon.com/images/I/51sKVZnP-WL._SL500_.jpg" alt="Product Image"></a><p>Little Joe 96427-6PK I Love Hockey New Car Scent Red Car Air Freshener A/C Vent Clip Uses Alcohol-Free Fragrance Oil is Non-Hazardous and Non-Toxic Plastic, Pack of 6</p><p>$21.99 ($3.66 / Count)</p><a href="https://www.amazon.com/dp/B0B3NFH3QY?tag=eloabder-20&linkCode=osi&th=1&psc=1">View Product</a></div><div class="product"><a href="https://www.amazon.com/dp/B072275K82?tag=eloabder-20&linkCode=osi&th=1&psc=1"><img src="https://m.media-amazon.com/images/I/41wDnF6SiAL._SL500_.jpg" alt="Product Image"></a><p>Little Joe 96404-6PK Fruit Scent, Car Air Freshener, Clips to A/C Air Vent, Alcohol-Free Fragrance Oil, Non-Hazardous and Non-Toxic Plastic, Set of 6</p><p>$16.60 ($2.77 / Count)</p><a href="https://www.amazon.com/dp/B072275K82?tag=eloabder-20&linkCode=osi&th=1&psc=1">View Product</a></div><div class="product"><a href="https://www.amazon.com/dp/B0CQPQ2S4W?tag=eloabder-20&linkCode=osi&th=1&psc=1"><img src="https://m.media-amazon.com/images/I/31iRknmvjeL._SL500_.jpg" alt="Product Image"></a><p>Little Pup 96613 Blue Raspberry Slushy Scent Car Air Freshener A/C Vent Clip Uses Alcohol-Free Fragrance Oil is Non Hazardous and Non Toxic, Pack of 1</p><p>$3.94</p><a href="https://www.amazon.com/dp/B0CQPQ2S4W?tag=eloabder-20&linkCode=osi&th=1&psc=1">View Product</a></div><div class="product"><a href="https://www.amazon.com/dp/B0CQPNMTM4?tag=eloabder-20&linkCode=osi&th=1&psc=1"><img src="https://m.media-amazon.com/images/I/41eEovL+zML._SL500_.jpg" alt="Product Image"></a><p>Little Joe 96414-6PK Orange Creamsicle Scent Car Air Freshener A/C Vent Clip Uses Alcohol-Free Fragrance Oil is Non-Hazardous and Non-Toxic Plastic, Pack of 6</p><p>$25.99 ($4.33 / Count)</p><a href="https://www.amazon.com/dp/B0CQPNMTM4?tag=eloabder-20&linkCode=osi&th=1&psc=1">View Product</a></div><div class="product"><a href="https://www.amazon.com/dp/B0CH9KNNZN?tag=eloabder-20&linkCode=osi&th=1&psc=1"><img src="https://m.media-amazon.com/images/I/41jX66PGMTL._SL500_.jpg" alt="Product Image"></a><p>TAKAVU Clay Bars Auto Detailing 2 Pack X 100g, Premium Grade Material, Magic Clay Bar Cleaner for Cars, RV, Boat and Bus (Grey)</p><p>$9.99</p><a href="https://www.amazon.com/dp/B0CH9KNNZN?tag=eloabder-20&linkCode=osi&th=1&psc=1">View Product</a></div>

<div class="product"><a href="https://www.amazon.com/dp/B004UM6DLE?tag=eloabder-20&linkCode=osi&th=1&psc=1"><img src="https://m.media-amazon.com/images/I/314nawyx6sL._SL500_.jpg" alt="Product Image"></a><p>CARPRO IronX Iron Remover: Stops Rust Spots and Pre-Mature Failure of The Clear Coat, Iron Contaminant Removal - 500mL with Sprayer (17oz)</p><p>$26.78</p><a href="https://www.amazon.com/dp/B004UM6DLE?tag=eloabder-20&linkCode=osi&th=1&psc=1">View Product</a></div><div class="product"><a href="https://www.amazon.com/dp/B01HXZXO98?tag=eloabder-20&linkCode=osi&th=1&psc=1"><img src="https://m.media-amazon.com/images/I/41Ne9OfQGzL._SL500_.jpg" alt="Product Image"></a><p>Chemical Guys CWS80316 Clean Slate Deep Surface Cleaning Car Wash Soap (Removes Old Car Waxes, Glazes & Sealants for Superior Surface Prep), 16 fl oz, Citrus Scent</p><p>$11.99 ($0.75 / Fl Oz)</p><a href="https://www.amazon.com/dp/B01HXZXO98?tag=eloabder-20&linkCode=osi&th=1&psc=1">View Product</a></div><div class="product"><a href="https://www.amazon.com/dp/B07C39H9YX?tag=eloabder-20&linkCode=osi&th=1&psc=1"><img src="https://m.media-amazon.com/images/I/31yK3Vb5xWL._SL500_.jpg" alt="Product Image"></a><p>Adam's Polishes Iron Remover (16oz) - Iron Out Fallout Rust Remover Spray for Car Detailing | Remove Iron Particles in Car Paint, Motorcycle, RV & Boat | Use Before Clay Bar, Car Wax or Car Wash</p><p>$16.99</p><a href="https://www.amazon.com/dp/B07C39H9YX?tag=eloabder-20&linkCode=osi&th=1&psc=1">View Product</a></div><div class="product"><a href="https://www.amazon.com/dp/B0BTJ9DJM5?tag=eloabder-20&linkCode=osi&th=1&psc=1"><img src="https://m.media-amazon.com/images/I/41tNMqlDrxL._SL500_.jpg" alt="Product Image"></a><p>Torque Detail Decon Wash Pack - Decontamination Soap 8oz + Wash Mitt - Surface Strip Wash Car Shampoo - Highly Absorbent Microfiber Chenille Car Wash Mitt Safely Cleans Your Vehicles Entire Surface</p><p>$24.95 ($3.12 / Fl Oz)</p><a href="https://www.amazon.com/dp/B0BTJ9DJM5?tag=eloabder-20&linkCode=osi&th=1&psc=1">View Product</a></div><div class="product"><a href="https://www.amazon.com/dp/B013K5V9PQ?tag=eloabder-20&linkCode=osi&th=1&psc=1"><img src="https://m.media-amazon.com/images/I/41V3rm6NlZL._SL500_.jpg" alt="Product Image"></a><p>CARPRO PolyShave Decon Towel - Car Detailing Clay Decontamination Faster than Clay Bar, Clean & Release of Paint Contaminants and Glass - Increase Wax and Sealant Bond - 12" x 12" (1 Pack)</p><p>$39.97</p><a href="https://www.amazon.com/dp/B013K5V9PQ?tag=eloabder-20&linkCode=osi&th=1&psc=1">View Product</a></div><div class="product"><a href="https://www.amazon.com/dp/B0B788NBWG?tag=eloabder-20&linkCode=osi&th=1&psc=1"><img src="https://m.media-amazon.com/images/I/51NDfAOuEmL._SL500_.jpg" alt="Product Image"></a><p>P & S Professional Detail Products - Clay Decontamination Towel - Effective Cleaning & Release of Paint Contaminants; Increase Wax & Sealant Bond; Enhance Gloss & Depth of Color; Fine Grade-12" x 12"</p><p>$34.95</p><a href="https://www.amazon.com/dp/B0B788NBWG?tag=eloabder-20&linkCode=osi&th=1&psc=1">View Product</a></div><div class="product"><a href="https://www.amazon.com/dp/B0B27TFK69?tag=eloabder-20&linkCode=osi&th=1&psc=1"><img src="https://m.media-amazon.com/images/I/41zJPQIcqeL._SL500_.jpg" alt="Product Image"></a><p>The Rag Company - Ultra Clay Decontamination Mitt - Easy to Use; Effective Cleaning & Release of Paint Contaminants; Increase Wax & Sealant Bond; Enhance Gloss &Color Depth; Fine Grade (8.7"x5.7")</p><p>$34.95</p><a href="https://www.amazon.com/dp/B0B27TFK69?tag=eloabder-20&linkCode=osi&th=1&psc=1">View Product</a></div><div class="product"><a href="https://www.amazon.com/dp/B0C6XBN14N?tag=eloabder-20&linkCode=osi&th=1&psc=1"><img src="https://m.media-amazon.com/images/I/31BSavOJ89L._SL500_.jpg" alt="Product Image"></a><p>3D Iron Remover GLW Series | DIY Car Detailing | Hyper Effective Wheel Decontamination | Removes Iron Particles, Dirt, Brake Dust | Rapid Results | Ultimate Iron & Surface Contaminate Eliminator, 16oz</p><p>$17.99</p><a href="https://www.amazon.com/dp/B0C6XBN14N?tag=eloabder-20&linkCode=osi&th=1&psc=1">View Product</a></div>







<div class="product"><a href="https://www.amazon.com/dp/B0D2SPCW3G?tag=eloabder-20&linkCode=osi&th=1&psc=1"><img src="https://m.media-amazon.com/images/I/41JYIg6xqqL._SL500_.jpg" alt="Product Image"></a><p>Crankcase Ventilation Oil Separator with Gasket Compatible for 2008-2014 Volvo Mack D13 D16 MP8 Engine Replace 21122541 20499419</p><p>$155.99</p><a href="https://www.amazon.com/dp/B0D2SPCW3G?tag=eloabder-20&linkCode=osi&th=1&psc=1">View Product</a></div>

<div class="product"><a href="https://www.amazon.com/dp/B0C6M2FHGX?tag=eloabder-20&linkCode=osi&th=1&psc=1"><img src="https://m.media-amazon.com/images/I/21wWRrpHdbL._SL500_.jpg" alt="Product Image"></a><p>eMagTech 9PCS Warning Sign Please No Smoking Vaping Food Drink Stickers 110x50mm Self-Adhesive Vinyl Window Decal for Car Taxis Buses Minibuses</p><p>$9.49</p><a href="https://www.amazon.com/dp/B0C6M2FHGX?tag=eloabder-20&linkCode=osi&th=1&psc=1">View Product</a></div>

Aucun résultat trouvé.

<div class="product"><a href="https://www.amazon.com/dp/B0CVWZZMRY?tag=eloabder-20&linkCode=osi&th=1&psc=1"><img src="https://m.media-amazon.com/images/I/512y-1GwQNL._SL500_.jpg" alt="Product Image"></a><p>Jewkot 4 PCS Car Wiper Strip, 28" Boneless Structure Car Windshield Cleaning Wiper Strip, DIY Length Auxiliary Cleaning Replacement Accessory, Suitable for Most Cars, Vans, Trucks, Buses (Black)</p><p>$5.58</p><a href="https://www.amazon.com/dp/B0CVWZZMRY?tag=eloabder-20&linkCode=osi&th=1&psc=1">View Product</a></div>
<div class="product"><a href="https://www.amazon.com/dp/B07L3VQC6W?tag=eloabder-20&linkCode=osi&th=1&psc=1"><img src="https://m.media-amazon.com/images/I/41GebP+2HYL._SL500_.jpg" alt="Product Image"></a><p>BRISA VW Collection Volkswagen Air Freshener, Room Freshener, Deodorizer for Cars T1 Bus Campervan Motif (Citrus/Yellow/Set of 2)</p><p>$13.90 ($6.95 / Count)</p><a href="https://www.amazon.com/dp/B07L3VQC6W?tag=eloabder-20&linkCode=osi&th=1&psc=1">View Product</a></div><div class="product"><a href="https://www.amazon.com/dp/B07L3V86JS?tag=eloabder-20&linkCode=osi&th=1&psc=1"><img src="https://m.media-amazon.com/images/I/41TblWhKhQL._SL500_.jpg" alt="Product Image"></a><p>BRISA VW Collection Volkswagen Air Freshener, Room Freshener, Deodorizer for Cars T1 Bus Campervan Motif (New Car/Green/Set of 2)</p><p>$13.90 ($6.95 / Count)</p><a href="https://www.amazon.com/dp/B07L3V86JS?tag=eloabder-20&linkCode=osi&th=1&psc=1">View Product</a></div>


Aucun résultat trouvé.










<div class="product"><a href="https://www.amazon.com/dp/B099HL5SV2?tag=eloabder-20&linkCode=osi&th=1&psc=1"><img src="https://m.media-amazon.com/images/I/31kcR8HnylL._SL500_.jpg" alt="Product Image"></a><p>Philips GoPure GP5212 High Performance HEPA Air Purifier for Car, Removes up to 100 Pollutants, Exhaust Fumes, VOCs, Smoke, Bad Odors, Bacteria and Viruses</p><p>$77.59</p><a href="https://www.amazon.com/dp/B099HL5SV2?tag=eloabder-20&linkCode=osi&th=1&psc=1">View Product</a></div><div class="product"><a href="https://www.amazon.com/dp/B07TB419F7?tag=eloabder-20&linkCode=osi&th=1&psc=1"><img src="https://m.media-amazon.com/images/I/41l9XK-u-eL._SL500_.jpg" alt="Product Image"></a><p>Enoch Ionic Car Air Purifier with Dual USB Car Charger. Car Air Freshener Eliminates Odor, Dust. Removes Smoke, Pet and Food Odor. Ionic Ozone Car Deodorizer (Matt Black)</p><p>$24.50</p><a href="https://www.amazon.com/dp/B07TB419F7?tag=eloabder-20&linkCode=osi&th=1&psc=1">View Product</a></div><div class="product"><a href="https://www.amazon.com/dp/B08C9LKKMM?tag=eloabder-20&linkCode=osi&th=1&psc=1"><img src="https://m.media-amazon.com/images/I/41uJDRzxfrL._SL500_.jpg" alt="Product Image"></a><p>4WDKING Car Air Purifier Ionizer, 12V Plug-in Car Air Freshener Gadgets with Dual USB Charger Removes Cigarette Smoke, Pet and Food Odor, Ionic Ozone (Black)</p><p>$22.99</p><a href="https://www.amazon.com/dp/B08C9LKKMM?tag=eloabder-20&linkCode=osi&th=1&psc=1">View Product</a></div><div class="product"><a href="https://www.amazon.com/dp/B07C7D366L?tag=eloabder-20&linkCode=osi&th=1&psc=1"><img src="https://m.media-amazon.com/images/I/51GvjMcOskL._SL500_.jpg" alt="Product Image"></a><p>Car Air Purifier Ionizer - 12V Plug-in Ionic Anti-Microbial Car Deodorizer with Dual USB Charger - Smoke Smell, Pet and Food Odors, Allergens, Viruses Eliminator for Car (Matte Silver)</p><p>$24.99</p><a href="https://www.amazon.com/dp/B07C7D366L?tag=eloabder-20&linkCode=osi&th=1&psc=1">View Product</a></div><div class="product"><a href="https://www.amazon.com/dp/B086H3FW7T?tag=eloabder-20&linkCode=osi&th=1&psc=1"><img src="https://m.media-amazon.com/images/I/51FfQTz4koL._SL500_.jpg" alt="Product Image"></a><p>bmbu 1000g Large Bamboo Charcoal Air Purifier Bag - Car Deodorizer/Car Freshener - Remove Odor and Control Moisture in Your RV, Camper, SUV, Car, Truck, Closet, Mobile Home, Storage - Non Fragrant</p><p>$22.99 ($0.65 / Ounce)</p><a href="https://www.amazon.com/dp/B086H3FW7T?tag=eloabder-20&linkCode=osi&th=1&psc=1">View Product</a></div><div class="product"><a href="https://www.amazon.com/dp/B019NXUJ5K?tag=eloabder-20&linkCode=osi&th=1&psc=1"><img src="https://m.media-amazon.com/images/I/31grLw6pdUL._SL500_.jpg" alt="Product Image"></a><p>PURGGO Car Air Freshener - Lasts 365+ Days No Chemicals 100% Activated Bamboo Charcoal Fragrance-Free Deodorizer, Natural Auto Odor Eliminator, Purifier, Neutralizer, Absorb Smoke Smell</p><p>$25.99</p><a href="https://www.amazon.com/dp/B019NXUJ5K?tag=eloabder-20&linkCode=osi&th=1&psc=1">View Product</a></div><div class="product"><a href="https://www.amazon.com/dp/B0CT5TBKH5?tag=eloabder-20&linkCode=osi&th=1&psc=1"><img src="https://m.media-amazon.com/images/I/41UB7n6FuwL._SL500_.jpg" alt="Product Image"></a><p>Timgle 1 Pack Car Air Freshener, Lasts 365+ Days, No Chemicals 100% Activated Bamboo Charcoal Fragrance, Free Deodorizer, Natural Auto Odor Eliminator, Purifier, Neutralizer (Khaki Strap)</p><p>$10.99</p><a href="https://www.amazon.com/dp/B0CT5TBKH5?tag=eloabder-20&linkCode=osi&th=1&psc=1">View Product</a></div><div class="product"><a href="https://www.amazon.com/dp/B00V4049K2?tag=eloabder-20&linkCode=osi&th=1&psc=1"><img src="https://m.media-amazon.com/images/I/51rLLMGOc6L._SL500_.jpg" alt="Product Image"></a><p>PURGGO Car Air Freshener - Auto Odor Eliminator - 100% Activated Bamboo Charcoal Air Purifier, Ionizer - Absorb and Remove Smoke Smell - Fragrance-Free Deodorizer - Lasts 365+ Days [Classic Beige]</p><p>$25.99</p><a href="https://www.amazon.com/dp/B00V4049K2?tag=eloabder-20&linkCode=osi&th=1&psc=1">View Product</a></div>








<div class="product"><a href="https://www.amazon.com/dp/B00RYGK12K?tag=eloabder-20&linkCode=osi&th=1&psc=1"><img src="https://m.media-amazon.com/images/I/51RdEyCkvuL._SL500_.jpg" alt="Product Image"></a><p>Little Trees Cardboard Hanging Car, Home & Office Air Freshener, Summer Linen (Pack of 12)</p><p>$11.82 ($0.98 / Count)</p><a href="https://www.amazon.com/dp/B00RYGK12K?tag=eloabder-20&linkCode=osi&th=1&psc=1">View Product</a></div><div class="product"><a href="https://www.amazon.com/dp/B00LM54ZD0?tag=eloabder-20&linkCode=osi&th=1&psc=1"><img src="https://m.media-amazon.com/images/I/41YuRNweefL._SL500_.jpg" alt="Product Image"></a><p>LITTLE TREES Air Fresheners Car Air Freshener. Hanging Tree Provides Long Lasting Scent for Auto or Home. Black Ice, 24 Air Fresheners</p><p>$20.19 ($0.84 / Count)</p><a href="https://www.amazon.com/dp/B00LM54ZD0?tag=eloabder-20&linkCode=osi&th=1&psc=1">View Product</a></div><div class="product"><a href="https://www.amazon.com/dp/B09BB4V1Y8?tag=eloabder-20&linkCode=osi&th=1&psc=1"><img src="https://m.media-amazon.com/images/I/51AKMdDLO-L._SL500_.jpg" alt="Product Image"></a><p>DRIVEJOY Car Air Freshener Vent Clips, 8 PK, 6 Ocean, 2 New Car Scent, Car Fresheners for Men Women, Up to 240 Days, Long Lasting Air Freshener for Car, Odor Eliminator</p><p>$9.98 ($9.60 / Fl Oz)</p><a href="https://www.amazon.com/dp/B09BB4V1Y8?tag=eloabder-20&linkCode=osi&th=1&psc=1">View Product</a></div><div class="product"><a href="https://www.amazon.com/dp/B078JWRLYT?tag=eloabder-20&linkCode=osi&th=1&psc=1"><img src="https://m.media-amazon.com/images/I/41shbIl-LEL._SL500_.jpg" alt="Product Image"></a><p>California Scents Air Freshener 4-Pack Car Air Freshener (Coronado Cherry)</p><p>$12.88 ($2.15 / Ounce)</p><a href="https://www.amazon.com/dp/B078JWRLYT?tag=eloabder-20&linkCode=osi&th=1&psc=1">View Product</a></div><div class="product"><a href="https://www.amazon.com/dp/B0CW4CJWW9?tag=eloabder-20&linkCode=osi&th=1&psc=1"><img src="https://m.media-amazon.com/images/I/417lKQ0MXPL._SL500_.jpg" alt="Product Image"></a><p>Karma, Essential Oil Air Freshener for Cars Set of 2, Home & Office - Colorful Decorative Hanging Air Freshener with Tassel, Buttercup Vanilla Scented</p><p>$8.40 ($4.20 / Count)</p><a href="https://www.amazon.com/dp/B0CW4CJWW9?tag=eloabder-20&linkCode=osi&th=1&psc=1">View Product</a></div><div class="product"><a href="https://www.amazon.com/dp/B00AYCXL2I?tag=eloabder-20&linkCode=osi&th=1&psc=1"><img src="https://m.media-amazon.com/images/I/5165h10nKbL._SL500_.jpg" alt="Product Image"></a><p>Febreze Car Air Fresheners, New Car Scent, Odor Eliminator for Strong Odors Car Vent Clips (2 Count)</p><p>$9.98 ($4.99 / Count)</p><a href="https://www.amazon.com/dp/B00AYCXL2I?tag=eloabder-20&linkCode=osi&th=1&psc=1">View Product</a></div><div class="product"><a href="https://www.amazon.com/dp/B01LZ0N1MJ?tag=eloabder-20&linkCode=osi&th=1&psc=1"><img src="https://m.media-amazon.com/images/I/41J5LJGof9L._SL500_.jpg" alt="Product Image"></a><p>LITTLE TREES Car Air Freshener | Hanging Paper Tree for Home or Car | New Car Scent | 12 Pack</p><p>$11.70 ($0.98 / Count)</p><a href="https://www.amazon.com/dp/B01LZ0N1MJ?tag=eloabder-20&linkCode=osi&th=1&psc=1">View Product</a></div><div class="product"><a href="https://www.amazon.com/dp/B0C2Q2VGPZ?tag=eloabder-20&linkCode=osi&th=1&psc=1"><img src="https://m.media-amazon.com/images/I/413gckSL1EL._SL500_.jpg" alt="Product Image"></a><p>Savage Disposable Card Freshener for Men | Car Scents Air Freshener with Sauvage Fragrance | Strong Car Perfume Air Freshener with Odour Eliminating Technology | Suvage by Perfa</p><p>$6.99</p><a href="https://www.amazon.com/dp/B0C2Q2VGPZ?tag=eloabder-20&linkCode=osi&th=1&psc=1">View Product</a></div>




<div class="product"><a href="https://www.amazon.com/dp/B06WVL7YSG?tag=eloabder-20&linkCode=osi&th=1&psc=1"><img src="https://m.media-amazon.com/images/I/51fO0NuM6nL._SL500_.jpg" alt="Product Image"></a><p>Meguiar's Quik Scratch Eraser Kit, Car Scratch Remover for Repairing Surface Blemishes, Car Care Kit with ScratchX, Drill-Mounted Pad, and Microfiber Towel, 3 Count</p><p>$17.97</p><a href="https://www.amazon.com/dp/B06WVL7YSG?tag=eloabder-20&linkCode=osi&th=1&psc=1">View Product</a></div><div class="product"><a href="https://www.amazon.com/dp/B00P67GSRG?tag=eloabder-20&linkCode=osi&th=1&psc=1"><img src="https://m.media-amazon.com/images/I/41R-vt8tcnL._SL500_.jpg" alt="Product Image"></a><p>Chemical Guys GAP_VKIT_16 V Line Polish and Compound Kit For Light to Heavy Swirls & Scratches (Safe for Cars, Trucks, SUVs, RVs, Motorcycles, & More) 4 - 16 fl oz Items</p><p>$69.99</p><a href="https://www.amazon.com/dp/B00P67GSRG?tag=eloabder-20&linkCode=osi&th=1&psc=1">View Product</a></div>
<div class="product"><a href="https://www.amazon.com/dp/B0BQ1CPLSQ?tag=eloabder-20&linkCode=osi&th=1&psc=1"><img src="https://m.media-amazon.com/images/I/41ikSNNgp5L._SL500_.jpg" alt="Product Image"></a><p>PROPER DETAILING CO. Car Detailing Kit Interior Cleaner, Get Professional Results - Car Interior Cleaning Kit includes 16 oz. interior cleaner, premium boars hair detail brush, and 2 microfiber towels</p><p>$23.99</p><a href="https://www.amazon.com/dp/B0BQ1CPLSQ?tag=eloabder-20&linkCode=osi&th=1&psc=1">View Product</a></div>





<div class="product"><a href="https://www.amazon.com/dp/B0D464228M?tag=eloabder-20&linkCode=osi&th=1&psc=1"><img src="https://m.media-amazon.com/images/I/315VtBe9l-L._SL500_.jpg" alt="Product Image"></a><p>Drift Car Air Freshener - Wood Air Freshener - Car Odor Eliminator - Open Air Scent Starter Kit</p><p>$11.95</p><a href="https://www.amazon.com/dp/B0D464228M?tag=eloabder-20&linkCode=osi&th=1&psc=1">View Product</a></div>
<div class="product"><a href="https://www.amazon.com/dp/B071HR14SJ?tag=eloabder-20&linkCode=osi&th=1&psc=1"><img src="https://m.media-amazon.com/images/I/41crypCefDL._SL500_.jpg" alt="Product Image"></a><p>Meguiar's Gold Class Car Wash Soap, Ultra-Rich Car Wash Soap and Conditioner for Car Cleaning, Car Wash Soap to Clean and Condition in One Easy Step, 1 Gallon Car Wash Soap</p><p>$24.99 ($0.20 / Ounce)</p><a href="https://www.amazon.com/dp/B071HR14SJ?tag=eloabder-20&linkCode=osi&th=1&psc=1">View Product</a></div><div class="product"><a href="https://www.amazon.com/dp/B085R9L9Q9?tag=eloabder-20&linkCode=osi&th=1&psc=1"><img src="https://m.media-amazon.com/images/I/41tAv1FNbZL._SL500_.jpg" alt="Product Image"></a><p>Armor All Extreme Shield Protectant Spray , Interior Car Cleaner with UV Protection Against Cracking and Fading, 16 Fl Oz</p><p>$8.98 ($0.56 / Fl Oz)</p><a href="https://www.amazon.com/dp/B085R9L9Q9?tag=eloabder-20&linkCode=osi&th=1&psc=1">View Product</a></div><div class="product"><a href="https://www.amazon.com/dp/B016NA9Y4S?tag=eloabder-20&linkCode=osi&th=1&psc=1"><img src="https://m.media-amazon.com/images/I/31oz8VJFdjL._SL500_.jpg" alt="Product Image"></a><p>Rain-X 5079281-2 Latitude 2-In-1 Wiper Blades, 26 Inch Windshield Wipers (Pack Of 1), Automotive Replacement Windshield Wiper Blades With Patented Rain-X Water Repellency Formula</p><p>$17.08</p><a href="https://www.amazon.com/dp/B016NA9Y4S?tag=eloabder-20&linkCode=osi&th=1&psc=1">View Product</a></div><div class="product"><a href="https://www.amazon.com/dp/B0D2PCCJVK?tag=eloabder-20&linkCode=osi&th=1&psc=1"><img src="https://m.media-amazon.com/images/I/41BFT-c3a9L._SL500_.jpg" alt="Product Image"></a><p>HoogaLife Car Air Freshener Diffuser – Revitalize Your Drive with Hanging Air Freshener Diffuser Aromatic Bliss On The Go(VANILLA CREAM)</p><p>$12.99 ($24.06 / Fl Oz)</p><a href="https://www.amazon.com/dp/B0D2PCCJVK?tag=eloabder-20&linkCode=osi&th=1&psc=1">View Product</a></div><div class="product"><a href="https://www.amazon.com/dp/B0D17SKCLF?tag=eloabder-20&linkCode=osi&th=1&psc=1"><img src="https://m.media-amazon.com/images/I/51VjaK8JNmL._SL500_.jpg" alt="Product Image"></a><p>AIDEA Car Wash Mitt Microfiber, 1PK-Scratch-Free& Lint-Free, Premium Chenille Microfiber Wash Mitt-Green Regular Size (7.12''X10.14'')</p><p>$5.99</p><a href="https://www.amazon.com/dp/B0D17SKCLF?tag=eloabder-20&linkCode=osi&th=1&psc=1">View Product</a></div>








<div class="product"><a href="https://www.amazon.com/dp/B00UZE8D00?tag=eloabder-20&linkCode=osi&th=1&psc=1"><img src="https://m.media-amazon.com/images/I/517VVkgvgcL._SL500_.jpg" alt="Product Image"></a><p>Chemical Guys HOL_996 Convertible Top Cleaner and Protectant Kit, 16 oz, 2 Items</p><p>$29.99</p><a href="https://www.amazon.com/dp/B00UZE8D00?tag=eloabder-20&linkCode=osi&th=1&psc=1">View Product</a></div><div class="product"><a href="https://www.amazon.com/dp/B004HCS4NW?tag=eloabder-20&linkCode=osi&th=1&psc=1"><img src="https://m.media-amazon.com/images/I/41j5b6xRqNL._SL500_.jpg" alt="Product Image"></a><p>Meguiar's Convertible Top Cleaner - Fabric Convertible Top Cleaner and Vinyl Convertible Top Cleaner in One Advanced Formula - Safely Removes Stains, Mildew, Bird Droppings, and More, 16 Oz</p><p>$6.87 ($0.43 / Ounce)</p><a href="https://www.amazon.com/dp/B004HCS4NW?tag=eloabder-20&linkCode=osi&th=1&psc=1">View Product</a></div><div class="product"><a href="https://www.amazon.com/dp/B00UZE80N0?tag=eloabder-20&linkCode=osi&th=1&psc=1"><img src="https://m.media-amazon.com/images/I/31FG83SK9SL._SL500_.jpg" alt="Product Image"></a><p>Chemical Guys SPI_193_16 Convertible Top Protectant and Repellent, (Helps Prevent Fading & Discoloration on Fabric Sot Tops) 16 fl oz (Packaging May Vary)</p><p>$19.99 ($1.25 / Fl Oz)</p><a href="https://www.amazon.com/dp/B00UZE80N0?tag=eloabder-20&linkCode=osi&th=1&psc=1">View Product</a></div><div class="product"><a href="https://www.amazon.com/dp/B00UZE8C1A?tag=eloabder-20&linkCode=osi&th=1&psc=1"><img src="https://m.media-amazon.com/images/I/31aLnXKZxfL._SL500_.jpg" alt="Product Image"></a><p>Chemical Guys ACC_S94 Convertible Top Horse Hair Cleaning Brush, Safe for Cloth Soft Tops, Upholstery, Leather, Furniture, & More</p><p>$14.99</p><a href="https://www.amazon.com/dp/B00UZE8C1A?tag=eloabder-20&linkCode=osi&th=1&psc=1">View Product</a></div><div class="product"><a href="https://www.amazon.com/dp/B000A8JNF0?tag=eloabder-20&linkCode=osi&th=1&psc=1"><img src="https://m.media-amazon.com/images/I/51PLChiVIrL._SL500_.jpg" alt="Product Image"></a><p>303 Products Convertible Fabric Top Cleaning and Care Kit - Cleans And Protects Fabric Tops - Includes Tonneau Cover And Convertible Top Cleaner 16 fl. oz. + Fabric Guard, (30520)</p><p>$32.79 ($1.02 / Fl Oz)</p><a href="https://www.amazon.com/dp/B000A8JNF0?tag=eloabder-20&linkCode=osi&th=1&psc=1">View Product</a></div>
<div class="product"><a href="https://www.amazon.com/dp/B0BCQ1XMWV?tag=eloabder-20&linkCode=osi&th=1&psc=1"><img src="https://m.media-amazon.com/images/I/41lV6Au-S9L._SL500_.jpg" alt="Product Image"></a><p>EMITHSUN® Windshield Wiper Blades Replacement for Honda Civic Coupe 2 Door 2005-2011,That Meet OEM Quality Front Wipers Blade Set for My Car-28"+24"(Set of 2)</p><p>$19.99</p><a href="https://www.amazon.com/dp/B0BCQ1XMWV?tag=eloabder-20&linkCode=osi&th=1&psc=1">View Product</a></div>
<div class="product"><a href="https://www.amazon.com/dp/B00I8ITVZG?tag=eloabder-20&linkCode=osi&th=1&psc=1"><img src="https://m.media-amazon.com/images/I/41TXd564pcL._SL500_.jpg" alt="Product Image"></a><p>ECOGARD XC36067 Premium Cabin Air Filter Fits Hyundai Genesis 2009-2016, Equus 2011-2016 | Genesis G80 2017-2021, G90 2019-2021, GV80 2021 | Kia K900 2020</p><p>$10.98</p><a href="https://www.amazon.com/dp/B00I8ITVZG?tag=eloabder-20&linkCode=osi&th=1&psc=1">View Product</a></div>

<div class="product"><a href="https://www.amazon.com/dp/B097C3NCP1?tag=eloabder-20&linkCode=osi&th=1&psc=1"><img src="https://m.media-amazon.com/images/I/41GXST2+s6L._SL500_.jpg" alt="Product Image"></a><p>Raidbee 12 inch Rear Wiper Blade Replacement for Toyota Corolla Hatchback 2022-2019, Nissan Versa 2019-2014 Back Windshield Wiper (H306/12-B)</p><p>$6.99</p><a href="https://www.amazon.com/dp/B097C3NCP1?tag=eloabder-20&linkCode=osi&th=1&psc=1">View Product</a></div>



<div class="product"><a href="https://www.amazon.com/dp/B0CQ4MLKHJ?tag=eloabder-20&linkCode=osi&th=1&psc=1"><img src="https://m.media-amazon.com/images/I/519f8covwQL._SL500_.jpg" alt="Product Image"></a><p>Feetiger All-in-1 Fire Extinguisher for Home, Kitchen, Car, Garage, RV, Truck, Boat, Camping, Fire Spray that Tackles Multiple Types of Fire, 2pack</p><p>$39.99</p><a href="https://www.amazon.com/dp/B0CQ4MLKHJ?tag=eloabder-20&linkCode=osi&th=1&psc=1">View Product</a></div>
<div class="product"><a href="https://www.amazon.com/dp/B07TS4JV6H?tag=eloabder-20&linkCode=osi&th=1&psc=1"><img src="https://m.media-amazon.com/images/I/412htpDd6fL._SL500_.jpg" alt="Product Image"></a><p>Police Flag Air Freshener, New Car Scent, 6-Pack</p><p>$9.99 ($1.66 / Count)</p><a href="https://www.amazon.com/dp/B07TS4JV6H?tag=eloabder-20&linkCode=osi&th=1&psc=1">View Product</a></div>


<div class="product"><a href="https://www.amazon.com/dp/B009EU5ZNO?tag=eloabder-20&linkCode=osi&th=1&psc=1"><img src="https://m.media-amazon.com/images/I/515MJLZbnoL._SL500_.jpg" alt="Product Image"></a><p>J-B Weld 50133 Plastic Bonder Structural Adhesive Syringe - Tan - 25 ml</p><p>$6.98 ($8.21 / Fl Oz)</p><a href="https://www.amazon.com/dp/B009EU5ZNO?tag=eloabder-20&linkCode=osi&th=1&psc=1">View Product</a></div>



<div class="product"><a href="https://www.amazon.com/dp/B09P6YZP72?tag=eloabder-20&linkCode=osi&th=1&psc=1"><img src="https://m.media-amazon.com/images/I/416rlvu+ayL._SL500_.jpg" alt="Product Image"></a><p>AUTOBOO 26"+20" Windshield Wipers with 16" Rear Wiper Blade Replacement for Dodge Grand Caravan 2008-2012 2013 2014 2015 2016 2017 2018 2019 -Original Factory Quality (Pack of 3)</p><p>$23.99</p><a href="https://www.amazon.com/dp/B09P6YZP72?tag=eloabder-20&linkCode=osi&th=1&psc=1">View Product</a></div><div class="product"><a href="https://www.amazon.com/dp/B0BLYQBDS8?tag=eloabder-20&linkCode=osi&th=1&psc=1"><img src="https://m.media-amazon.com/images/I/51SbpSR2zBL._SL500_.jpg" alt="Product Image"></a><p>A-Premium Engine Air Filter Compatible with Chrysler Town & Country & Dodge Grand Caravan & Ram C/V & Volkswagen Routan, 2011-2020, Flexible Panel, Replace# 4861737AA</p><p>$12.99</p><a href="https://www.amazon.com/dp/B0BLYQBDS8?tag=eloabder-20&linkCode=osi&th=1&psc=1">View Product</a></div>
<div class="product"><a href="https://www.amazon.com/dp/B001FCB4JS?tag=eloabder-20&linkCode=osi&th=1&psc=1"><img src="https://m.media-amazon.com/images/I/21wq6fxqiVL._SL500_.jpg" alt="Product Image"></a><p>Dicor BT-1834-1 Butyl Seal Tape - 1/8" x 3/4" x 30' Repair Tape for RV, Trailer, Motorhome, Window, and Vent Sealing</p><p>$13.15 ($0.44 / Foot)</p><a href="https://www.amazon.com/dp/B001FCB4JS?tag=eloabder-20&linkCode=osi&th=1&psc=1">View Product</a></div>
<div class="product"><a href="https://www.amazon.com/dp/B000BUQOD6?tag=eloabder-20&linkCode=osi&th=1&psc=1"><img src="https://m.media-amazon.com/images/I/41O0CoP1L3L._SL500_.jpg" alt="Product Image"></a><p>Camco Camper/RV Toilet Paper | Sewer-Safe, Septic-Safe & Biodegradable | Designed for Camper, Trailer & Marine Sanitation Systems | 1-Ply Tissue | 4 Toilet Paper Rolls – 280 Sheets per Roll (40275)</p><p>$5.99 ($2.14 / 100 Sheets)</p><a href="https://www.amazon.com/dp/B000BUQOD6?tag=eloabder-20&linkCode=osi&th=1&psc=1">View Product</a></div><div class="product"><a href="https://www.amazon.com/dp/B007JG1W1E?tag=eloabder-20&linkCode=osi&th=1&psc=1"><img src="https://m.media-amazon.com/images/I/41i-j99E9ML._SL500_.jpg" alt="Product Image"></a><p>Camco TST Camper / RV Grey Water Odor Control - Removes Grease Buildup in Gray Water Tank, Sink & Shower Drains - 4oz Treats 40-Gal Holding Tank - Safe Septic Tank Treatment - Lemon, 64 oz (40256)</p><p>$19.94 ($0.31 / Fl Oz)</p><a href="https://www.amazon.com/dp/B007JG1W1E?tag=eloabder-20&linkCode=osi&th=1&psc=1">View Product</a></div><div class="product"><a href="https://www.amazon.com/dp/B016V2OSD0?tag=eloabder-20&linkCode=osi&th=1&psc=1"><img src="https://m.media-amazon.com/images/I/31Jm99RYVXL._SL500_.jpg" alt="Product Image"></a><p>Camco TST MAX RV Toilet Treatment Drop-INs | Control Unwanted Odors and Break Down Waste and Tissue | Septic Tank Safe | Lavender Scent | 15-pack (41559)</p><p>$11.97 ($0.80 / Count)</p><a href="https://www.amazon.com/dp/B016V2OSD0?tag=eloabder-20&linkCode=osi&th=1&psc=1">View Product</a></div>






<div class="product"><a href="https://www.amazon.com/dp/B006GJYOL0?tag=eloabder-20&linkCode=osi&th=1&psc=1"><img src="https://m.media-amazon.com/images/I/41YPjiCzDfL._SL500_.jpg" alt="Product Image"></a><p>Boat Bling HS-0128 Hot Sauce Hard Water Spot Remover, Gallon Refill, for Boats, RVs, Powersport Vehicles and More, Black,1 Gallon</p><p>$54.95 ($0.43 / Fl Oz)</p><a href="https://www.amazon.com/dp/B006GJYOL0?tag=eloabder-20&linkCode=osi&th=1&psc=1">View Product</a></div><div class="product"><a href="https://www.amazon.com/dp/B0000AXVCB?tag=eloabder-20&linkCode=osi&th=1&psc=1"><img src="https://m.media-amazon.com/images/I/51gtsDb7zDL._SL500_.jpg" alt="Product Image"></a><p>Meguiar's M4364 Marine/RV Boat Wash - 64 Oz Container</p><p>$13.99 ($0.22 / Fl Oz)</p><a href="https://www.amazon.com/dp/B0000AXVCB?tag=eloabder-20&linkCode=osi&th=1&psc=1">View Product</a></div><div class="product"><a href="https://www.amazon.com/dp/B0007TR47G?tag=eloabder-20&linkCode=osi&th=1&psc=1"><img src="https://m.media-amazon.com/images/I/41Q4SzlVojL._SL500_.jpg" alt="Product Image"></a><p>Meguiar's Flagship Premium Marine Wax, Boat Polish and Oxidation Remover - 32 Oz Bottle</p><p>$21.49</p><a href="https://www.amazon.com/dp/B0007TR47G?tag=eloabder-20&linkCode=osi&th=1&psc=1">View Product</a></div><div class="product"><a href="https://www.amazon.com/dp/B006GJYLFY?tag=eloabder-20&linkCode=osi&th=1&psc=1"><img src="https://m.media-amazon.com/images/I/31G78TSjssL._SL500_.jpg" alt="Product Image"></a><p>Boat Bling Condition Sauce Premium Interior Moisturizer w/UV Protection, 32 oz.</p><p>$27.95</p><a href="https://www.amazon.com/dp/B006GJYLFY?tag=eloabder-20&linkCode=osi&th=1&psc=1">View Product</a></div><div class="product"><a href="https://www.amazon.com/dp/B006GJYKWI?tag=eloabder-20&linkCode=osi&th=1&psc=1"><img src="https://m.media-amazon.com/images/I/41AcDanNz-L._SL500_.jpg" alt="Product Image"></a><p>Boat Bling VS-0032 Vinyl Sauce Premium Vinyl and Leather Cleaner, 32 Oz., for Boats, RVs, Powersport Vehicles and More</p><p>$22.95 ($0.72 / Fl Oz)</p><a href="https://www.amazon.com/dp/B006GJYKWI?tag=eloabder-20&linkCode=osi&th=1&psc=1">View Product</a></div>
<div class="product"><a href="https://www.amazon.com/dp/B004OJTEKK?tag=eloabder-20&linkCode=osi&th=1&psc=1"><img src="https://m.media-amazon.com/images/I/41q8kkNiKOL._SL500_.jpg" alt="Product Image"></a><p>Shurhold Yacht Brite YBP-0302 Brite Wash - 1 Gallon</p><p>$23.97 ($0.19 / Fl Oz)</p><a href="https://www.amazon.com/dp/B004OJTEKK?tag=eloabder-20&linkCode=osi&th=1&psc=1">View Product</a></div>




<div class="product"><a href="https://www.amazon.com/dp/B0B2RDZNZB?tag=eloabder-20&linkCode=osi&th=1&psc=1"><img src="https://m.media-amazon.com/images/I/51RVSUoRuGL._SL500_.jpg" alt="Product Image"></a><p>Fancemot Helicopter Car Air Fresheners Rotating Solar Car Fresheners Airplane Car Perfume (Osmanthus & Vanilla)</p><p>$14.08</p><a href="https://www.amazon.com/dp/B0B2RDZNZB?tag=eloabder-20&linkCode=osi&th=1&psc=1">View Product</a></div><div class="product"><a href="https://www.amazon.com/dp/B0994PG1ZD?tag=eloabder-20&linkCode=osi&th=1&psc=1"><img src="https://m.media-amazon.com/images/I/413er0A8cVS._SL500_.jpg" alt="Product Image"></a><p>NICEADA Car Air Freshener, Helicopter Solar Energy Rotating Aromatherapy Aviation Al Alloy Diffuser, Interior Decoration Accessories Diffuser for Car and Home (Silver)</p><p>$23.99</p><a href="https://www.amazon.com/dp/B0994PG1ZD?tag=eloabder-20&linkCode=osi&th=1&psc=1">View Product</a></div><div class="product"><a href="https://www.amazon.com/dp/B09ZTMZKSJ?tag=eloabder-20&linkCode=osi&th=1&psc=1"><img src="https://m.media-amazon.com/images/I/41rz5PydC9L._SL500_.jpg" alt="Product Image"></a><p>Air Freshener, Gigicloud Car Fragrance Diffuser Solar Rotating Automotive Air Fresheners Ornament Helicopter Shape Solid Aromatherapy Decoration for Car and Home (Black)</p><p>$15.49</p><a href="https://www.amazon.com/dp/B09ZTMZKSJ?tag=eloabder-20&linkCode=osi&th=1&psc=1">View Product</a></div><div class="product"><a href="https://www.amazon.com/dp/B0CWNNPCD3?tag=eloabder-20&linkCode=osi&th=1&psc=1"><img src="https://m.media-amazon.com/images/I/51nznnJJhfL._SL500_.jpg" alt="Product Image"></a><p>Car Air Freshener Diffuser, KaiDengZhe 1PCS Helicopter Solar Energy Rotating Aromatherapy Aviation Al Alloy Diffuser, Car Diffuser for Essential Oils, Relieve Stress and Purifie Odors for Car and Home</p><p>$15.99</p><a href="https://www.amazon.com/dp/B0CWNNPCD3?tag=eloabder-20&linkCode=osi&th=1&psc=1">View Product</a></div><div class="product"><a href="https://www.amazon.com/dp/B0B8T47G65?tag=eloabder-20&linkCode=osi&th=1&psc=1"><img src="https://m.media-amazon.com/images/I/41d6cgVheqL._SL500_.jpg" alt="Product Image"></a><p>Joyfunky Car Air Fresheners with Solar Rotating, Creative Car Perfume Decoration, Relieve Stress and Purifie Odors, Use at Car, office and Home, Silver</p><p>$12.99</p><a href="https://www.amazon.com/dp/B0B8T47G65?tag=eloabder-20&linkCode=osi&th=1&psc=1">View Product</a></div><div class="product"><a href="https://www.amazon.com/dp/B0D4ZHJVK8?tag=eloabder-20&linkCode=osi&th=1&psc=1"><img src="https://m.media-amazon.com/images/I/41sEhsjtb4L._SL500_.jpg" alt="Product Image"></a><p>NICEADA Helicopter Solar Car Air Freshener Refill Set, Solar Essential Oil Refill Perfume Oil for Car Air Fresheners(4 Packs)</p><p>$21.99 ($24.99 / Fl Oz)</p><a href="https://www.amazon.com/dp/B0D4ZHJVK8?tag=eloabder-20&linkCode=osi&th=1&psc=1">View Product</a></div><div class="product"><a href="https://www.amazon.com/dp/B0D251XW47?tag=eloabder-20&linkCode=osi&th=1&psc=1"><img src="https://m.media-amazon.com/images/I/41x6lmNq9fL._SL500_.jpg" alt="Product Image"></a><p>Helicopter Car Air Fresheners with Solar Rotating, Creative Car Perfume Decoration, Car Airplane Fragrance Diffuser for Car, Home, Office (Silver)</p><p>$13.09</p><a href="https://www.amazon.com/dp/B0D251XW47?tag=eloabder-20&linkCode=osi&th=1&psc=1">View Product</a></div>

<div class="product"><a href="https://www.amazon.com/dp/B0D4154TQG?tag=eloabder-20&linkCode=osi&th=1&psc=1"><img src="https://m.media-amazon.com/images/I/217Iw-nO3UL._SL500_.jpg" alt="Product Image"></a><p>RV Curtain Glide Tape A115, 1/2 Inch Glides Clear RV Curtain Strip Curtain Slide Tape 72 Inches Long Use with Ceiling or Wall Mount Curtain Track A201 A202 (2 Pack)</p><p>$17.99</p><a href="https://www.amazon.com/dp/B0D4154TQG?tag=eloabder-20&linkCode=osi&th=1&psc=1">View Product</a></div>
<div class="product"><a href="https://www.amazon.com/dp/B08W4PQN8L?tag=eloabder-20&linkCode=osi&th=1&psc=1"><img src="https://m.media-amazon.com/images/I/41udmrd6QTL._SL500_.jpg" alt="Product Image"></a><p>Hot Air Balloon Novelty Air Freshener for Car - Sandalwood Scented Automotive Accessory New Mexico Souvenir Gift (Pack of 4)</p><p>$7.99 ($2.00 / Count)</p><a href="https://www.amazon.com/dp/B08W4PQN8L?tag=eloabder-20&linkCode=osi&th=1&psc=1">View Product</a></div>















<div class="product"><a href="https://www.amazon.com/dp/B0CP87K2VD?tag=eloabder-20&linkCode=osi&th=1&psc=1"><img src="https://m.media-amazon.com/images/I/41dTH4OPkcL._SL500_.jpg" alt="Product Image"></a><p>For harley air cleaner filter Touring street glide road king electra tri trike Dyna Sportster XL 883 1200 Softail air intake (Drift style -Contrast Cut, C-For Touring 08-16, Softail 16-17)</p><p>$125.00</p><a href="https://www.amazon.com/dp/B0CP87K2VD?tag=eloabder-20&linkCode=osi&th=1&psc=1">View Product</a></div><div class="product"><a href="https://www.amazon.com/dp/B08DNLNY3G?tag=eloabder-20&linkCode=osi&th=1&psc=1"><img src="https://m.media-amazon.com/images/I/51baNj3o8CL._SL500_.jpg" alt="Product Image"></a><p>2963308 HD1508 Ultra Classic Air Filter Cleaner for 2008-2014 Harley Davidson Street Glide, Electra Glide, Road King, Road Glide Custom, Ultra Classic and other select models HD-1508</p><p>$21.99</p><a href="https://www.amazon.com/dp/B08DNLNY3G?tag=eloabder-20&linkCode=osi&th=1&psc=1">View Product</a></div><div class="product"><a href="https://www.amazon.com/dp/B0CQ2KKC3N?tag=eloabder-20&linkCode=osi&th=1&psc=1"><img src="https://m.media-amazon.com/images/I/31W2a0gAwIL._SL500_.jpg" alt="Product Image"></a><p>High-Flo Replacement Air Filter Element For Ventilator - Milwaukee-Eight Engine '18-later Softail and '17-later Touring and Trike Models Equipped with 114 Air Cleaner</p><p>$39.99</p><a href="https://www.amazon.com/dp/B0CQ2KKC3N?tag=eloabder-20&linkCode=osi&th=1&psc=1">View Product</a></div><div class="product"><a href="https://www.amazon.com/dp/B0CPJ5BSGM?tag=eloabder-20&linkCode=osi&th=1&psc=1"><img src="https://m.media-amazon.com/images/I/41cUadnGKpL._SL500_.jpg" alt="Product Image"></a><p>For harley air cleaner filter sportster street road glide king for harley davidson motorcycle air intake (Nake style -Black, A-For Sportster XL models)</p><p>$169.00</p><a href="https://www.amazon.com/dp/B0CPJ5BSGM?tag=eloabder-20&linkCode=osi&th=1&psc=1">View Product</a></div><div class="product"><a href="https://www.amazon.com/dp/B0CR17NS1M?tag=eloabder-20&linkCode=osi&th=1&psc=1"><img src="https://m.media-amazon.com/images/I/41n57oM0A-L._SL500_.jpg" alt="Product Image"></a><p>For harley air cleaner filter Sportster Softail Touring street road king glide Dyna for harley davidson air intake filters (Speed 7 style -gray filter, C-For Touring 08-16, Softail 16-17)</p><p>$89.00</p><a href="https://www.amazon.com/dp/B0CR17NS1M?tag=eloabder-20&linkCode=osi&th=1&psc=1">View Product</a></div><div class="product"><a href="https://www.amazon.com/dp/B0CR167HDN?tag=eloabder-20&linkCode=osi&th=1&psc=1"><img src="https://m.media-amazon.com/images/I/41o4byfzbRL._SL500_.jpg" alt="Product Image"></a><p>For harley davidson air cleaner filter sportster Touring street glide road king electra Dyna Softail motorcycle air intake (Chromed- gray filter, C-For Touring 2008-2016)</p><p>$99.00</p><a href="https://www.amazon.com/dp/B0CR167HDN?tag=eloabder-20&linkCode=osi&th=1&psc=1">View Product</a></div>







<div class="product"><a href="https://www.amazon.com/dp/B08WH8CWDM?tag=eloabder-20&linkCode=osi&th=1&psc=1"><img src="https://m.media-amazon.com/images/I/41Jj3ouB+1L._SL500_.jpg" alt="Product Image"></a><p>Glaze 'N Seal Color Enhancer Paver Sealer, 1 Gallon (923)</p><p>$62.99</p><a href="https://www.amazon.com/dp/B08WH8CWDM?tag=eloabder-20&linkCode=osi&th=1&psc=1">View Product</a></div>

<div class="product"><a href="https://www.amazon.com/dp/B0B58G8WRX?tag=eloabder-20&linkCode=osi&th=1&psc=1"><img src="https://m.media-amazon.com/images/I/41hjxJMTGJL._SL500_.jpg" alt="Product Image"></a><p>Solarhome Air Filter 333-D2696 333D2696 Compatible with JCB Backhoe Loader 3CX 4CX Telehandler 531-70</p><p>$34.50</p><a href="https://www.amazon.com/dp/B0B58G8WRX?tag=eloabder-20&linkCode=osi&th=1&psc=1">View Product</a></div>




<div class="product"><a href="https://www.amazon.com/dp/B07G7XG6BV?tag=eloabder-20&linkCode=osi&th=1&psc=1"><img src="https://m.media-amazon.com/images/I/510tZGutn6L._SL500_.jpg" alt="Product Image"></a><p>Holikme 6Pack Cleaning Brush Power Scrubber Cleaning Brush Extended Long Attachment Set All Purpose Scrub Brushes Kit for Grout, Floor, Tub, Shower, Tile, Bathroom,Car Cleaning Brush，Yellow</p><p>$6.95</p><a href="https://www.amazon.com/dp/B07G7XG6BV?tag=eloabder-20&linkCode=osi&th=1&psc=1">View Product</a></div>



<div class="product"><a href="https://www.amazon.com/dp/B000FW2NWQ?tag=eloabder-20&linkCode=osi&th=1&psc=1"><img src="https://m.media-amazon.com/images/I/31VlBDw7uDL._SL500_.jpg" alt="Product Image"></a><p>Performance Tool W233 12-Inch Long Reach Extension Scraper with 3pc Double Edged Plastic Razor Scraper Blades and 3pc Carbon Steel Razor Scraper Blades</p><p>$10.31</p><a href="https://www.amazon.com/dp/B000FW2NWQ?tag=eloabder-20&linkCode=osi&th=1&psc=1">View Product</a></div>
<div class="product"><a href="https://www.amazon.com/dp/B0BV2CQ5SW?tag=eloabder-20&linkCode=osi&th=1&psc=1"><img src="https://m.media-amazon.com/images/I/51VkTDjGg4L._SL500_.jpg" alt="Product Image"></a><p>Filterelated Mixed Bed Deionized Di Resin Filter Fill, Suitable For Spotless Car Wash System Filter Change, Tds Filter, Aquarium Filter, Deionized Car Wash,5 Liters</p><p>$49.99</p><a href="https://www.amazon.com/dp/B0BV2CQ5SW?tag=eloabder-20&linkCode=osi&th=1&psc=1">View Product</a></div><div class="product"><a href="https://www.amazon.com/dp/B01MRVQ9UE?tag=eloabder-20&linkCode=osi&th=1&psc=1"><img src="https://m.media-amazon.com/images/I/51+i6fjU6tL._SL500_.jpg" alt="Product Image"></a><p>Husqvarna XP Pre-Mixed Fuel and Engine Oil Quart (3 Pack),Blue</p><p>$32.99 ($0.34 / Count)</p><a href="https://www.amazon.com/dp/B01MRVQ9UE?tag=eloabder-20&linkCode=osi&th=1&psc=1">View Product</a></div>




<div class="product"><a href="https://www.amazon.com/dp/B01N2G2NEJ?tag=eloabder-20&linkCode=osi&th=1&psc=1"><img src="https://m.media-amazon.com/images/I/41-5g4zEDpL._SL500_.jpg" alt="Product Image"></a><p>Chemical Guys SPI10816 Heavy Duty Water Spot Remover, Safe for Cars, Trucks, Motorcycles, RVs & More, 16 fl oz</p><p>$17.97 ($1.12 / Fl Oz)</p><a href="https://www.amazon.com/dp/B01N2G2NEJ?tag=eloabder-20&linkCode=osi&th=1&psc=1">View Product</a></div>









<div class="product"><a href="https://www.amazon.com/dp/B08YRVH2QV?tag=eloabder-20&linkCode=osi&th=1&psc=1"><img src="https://m.media-amazon.com/images/I/5164O-Jr2QL._SL500_.jpg" alt="Product Image"></a><p>Thetford AquaMAX Summer Cypress Scent RV Holding Tank Treatment, Formaldehyde Free, Waste Digester, Septic Tank Safe, 5 Gallon Bottle (96754)</p><p>$248.18</p><a href="https://www.amazon.com/dp/B08YRVH2QV?tag=eloabder-20&linkCode=osi&th=1&psc=1">View Product</a></div><div class="product"><a href="https://www.amazon.com/dp/B0BPMW7485?tag=eloabder-20&linkCode=osi&th=1&psc=1"><img src="https://m.media-amazon.com/images/I/51WNuQeew7L._SL500_.jpg" alt="Product Image"></a><p>XFasten Butyl Tape Black 1/2” x 30’ x 1/8" Butyl Sealant Tape Headlight Sealant Putty Tape | Black Butyl Caulking Tape | Butyl Tape RV Putty Tape EPDM Automotive Butyl Rubber Window Sealant for RV</p><p>$13.99 ($0.47 / Foot)</p><a href="https://www.amazon.com/dp/B0BPMW7485?tag=eloabder-20&linkCode=osi&th=1&psc=1">View Product</a></div>
<div class="product"><a href="https://www.amazon.com/dp/B006DXWZQU?tag=eloabder-20&linkCode=osi&th=1&psc=1"><img src="https://m.media-amazon.com/images/I/41wtqfFFfQL._SL500_.jpg" alt="Product Image"></a><p>FRAM Ultra Synthetic Automotive Replacement Oil Filter, Designed for Synthetic Oil Changes Lasting up to 20k Miles, XG10575 with SureGrip (Pack of 1)</p><p>$10.79</p><a href="https://www.amazon.com/dp/B006DXWZQU?tag=eloabder-20&linkCode=osi&th=1&psc=1">View Product</a></div><div class="product"><a href="https://www.amazon.com/dp/B01LH7L0XA?tag=eloabder-20&linkCode=osi&th=1&psc=1"><img src="https://m.media-amazon.com/images/I/41yD3QmbyZL._SL500_.jpg" alt="Product Image"></a><p>Shell Rotella T4 Triple Protection Conventional 15W-40 Diesel Engine Oil (1-Gallon, Single Pack)</p><p>$15.98 ($0.12 / Fl Oz)</p><a href="https://www.amazon.com/dp/B01LH7L0XA?tag=eloabder-20&linkCode=osi&th=1&psc=1">View Product</a></div><div class="product"><a href="https://www.amazon.com/dp/B00ICSWGJ0?tag=eloabder-20&linkCode=osi&th=1&psc=1"><img src="https://m.media-amazon.com/images/I/41Ahz5dVc5L._SL500_.jpg" alt="Product Image"></a><p>Castrol Edge 5W-30 Advanced Full Synthetic Motor Oil, 5 Quarts</p><p>$24.72 ($0.15 / Fl Oz)</p><a href="https://www.amazon.com/dp/B00ICSWGJ0?tag=eloabder-20&linkCode=osi&th=1&psc=1">View Product</a></div><div class="product"><a href="https://www.amazon.com/dp/B01N8RPDT8?tag=eloabder-20&linkCode=osi&th=1&psc=1"><img src="https://m.media-amazon.com/images/I/41Qm+9e8sCL._SL500_.jpg" alt="Product Image"></a><p>Motorcraft - Oil - Engine (XO10W305Q3SD)</p><p>$32.27</p><a href="https://www.amazon.com/dp/B01N8RPDT8?tag=eloabder-20&linkCode=osi&th=1&psc=1">View Product</a></div>
<div class="product"><a href="https://www.amazon.com/dp/B07FTRZLM5?tag=eloabder-20&linkCode=osi&th=1&psc=1"><img src="https://m.media-amazon.com/images/I/416uoNYOsXL._SL500_.jpg" alt="Product Image"></a><p>Chemical Guys HOL126 14-Piece Arsenal Builder Car Wash Kit with Foam Gun, Bucket, and (5) 16 oz Car Care Cleaning Chemicals, Gift for Car & Truck Lovers, Dads and DIYers (Works w/Garden Hose)</p><p>$119.99</p><a href="https://www.amazon.com/dp/B07FTRZLM5?tag=eloabder-20&linkCode=osi&th=1&psc=1">View Product</a></div><div class="product"><a href="https://www.amazon.com/dp/B0741RL23Q?tag=eloabder-20&linkCode=osi&th=1&psc=1"><img src="https://m.media-amazon.com/images/I/410wwKZBYVL._SL500_.jpg" alt="Product Image"></a><p>Chemical Guys SPI220 Total Interior Cleaner and Protectant, Safe for Cars, Trucks, SUVs, Jeeps, Motorcycles, RVs & More, 128 fl oz (1 Gallon)</p><p>$54.99 ($0.43 / Fl Oz)</p><a href="https://www.amazon.com/dp/B0741RL23Q?tag=eloabder-20&linkCode=osi&th=1&psc=1">View Product</a></div><div class="product"><a href="https://www.amazon.com/dp/B002J7VX4Y?tag=eloabder-20&linkCode=osi&th=1&psc=1"><img src="https://m.media-amazon.com/images/I/41oijnffQ0L._SL500_.jpg" alt="Product Image"></a><p>Chemical Guys AIR_101_16 New Car Smell Premium Air Freshener and Odor Eliminator, Long-Lasting Scent, Great for Cars, Trucks, SUVs, RVs & More, 16 fl oz</p><p>$10.99 ($0.69 / Fl Oz)</p><a href="https://www.amazon.com/dp/B002J7VX4Y?tag=eloabder-20&linkCode=osi&th=1&psc=1">View Product</a></div><div class="product"><a href="https://www.amazon.com/dp/B077TPG55M?tag=eloabder-20&linkCode=osi&th=1&psc=1"><img src="https://m.media-amazon.com/images/I/51aYksYRthL._SL500_.jpg" alt="Product Image"></a><p>Chemical Guys CWS20264 Tough Mudder Foaming Truck, Off Road, ATV and RV Heavy Duty Wash Soap,(Works with Foam Cannons, Foam Guns or Bucket Washes), 64 fl oz (Half Gallon), Lemon Scent</p><p>$39.99 ($0.62 / Fl Oz)</p><a href="https://www.amazon.com/dp/B077TPG55M?tag=eloabder-20&linkCode=osi&th=1&psc=1">View Product</a></div><div class="product"><a href="https://www.amazon.com/dp/B00BJCAPEE?tag=eloabder-20&linkCode=osi&th=1&psc=1"><img src="https://m.media-amazon.com/images/I/416RIPKVW1L._SL500_.jpg" alt="Product Image"></a><p>Chemical Guys CWS_402 Mr. Pink Foaming Car Wash Soap (Works with Foam Cannons, Foam Guns or Bucket Washes) Safe for Cars, Trucks, Motorcycles, RVs & More, 128 fl oz, Candy Scent</p><p>$39.99 ($0.31 / Fl Oz)</p><a href="https://www.amazon.com/dp/B00BJCAPEE?tag=eloabder-20&linkCode=osi&th=1&psc=1">View Product</a></div><div class="product"><a href="https://www.amazon.com/dp/B01C6AISUK?tag=eloabder-20&linkCode=osi&th=1&psc=1"><img src="https://m.media-amazon.com/images/I/41FrDCDPB6S._SL500_.jpg" alt="Product Image"></a><p>Chemical Guys CLD_700_16 Mat Renew Rubber + Vinyl Floor Mat Cleaner And Protectant, Safe for Cars, Trucks, SUVs, Motorcycles, RVs & More, 16 fl oz</p><p>$10.99 ($0.69 / Fl Oz)</p><a href="https://www.amazon.com/dp/B01C6AISUK?tag=eloabder-20&linkCode=osi&th=1&psc=1">View Product</a></div><div class="product"><a href="https://www.amazon.com/dp/B01N76S0A7?tag=eloabder-20&linkCode=osi&th=1&psc=1"><img src="https://m.media-amazon.com/images/I/51jurhYPCgL._SL500_.jpg" alt="Product Image"></a><p>Chemical Guys HOL131 Premium Chenille Microfiber Car Wash Mop and Heavy Duty Extendable Pole Kit (Great for RVs, Trucks, SUVs, Jeeps & Large Vehicles), With Mr. Pink Foaming Car Wash Soap - 4 fl oz</p><p>$49.99</p><a href="https://www.amazon.com/dp/B01N76S0A7?tag=eloabder-20&linkCode=osi&th=1&psc=1">View Product</a></div><div class="product"><a href="https://www.amazon.com/dp/B009OTW646?tag=eloabder-20&linkCode=osi&th=1&psc=1"><img src="https://m.media-amazon.com/images/I/41lG36UqLBL._SL500_.jpg" alt="Product Image"></a><p>Chemical Guys CWS 110 Honeydew Snow Foam Car Wash Soap (Works with Foam Cannons, Guns or Bucket Washes) Safe for Trucks, Motorcycles, RVs & More, 128 fl oz (1 Gallon), Honeydew Scent</p><p>$39.99 ($0.31 / Fl Oz)</p><a href="https://www.amazon.com/dp/B009OTW646?tag=eloabder-20&linkCode=osi&th=1&psc=1">View Product</a></div><div class="product"><a href="https://www.amazon.com/dp/B08P54Z2C2?tag=eloabder-20&linkCode=osi&th=1&psc=1"><img src="https://m.media-amazon.com/images/I/41Ra65iS2OL._SL500_.jpg" alt="Product Image"></a><p>Chemical Guys WAC23316 HydroSpeed Ceramic Quick Detailer, Safe for Cars, Trucks, SUVs, Motorcycles, RVs & More, 16 fl oz</p><p>$24.99</p><a href="https://www.amazon.com/dp/B08P54Z2C2?tag=eloabder-20&linkCode=osi&th=1&psc=1">View Product</a></div>
<div class="product"><a href="https://www.amazon.com/dp/B0C7WLPQC7?tag=eloabder-20&linkCode=osi&th=1&psc=1"><img src="https://m.media-amazon.com/images/I/41hJeSxsSWL._SL500_.jpg" alt="Product Image"></a><p>Detail King Car Odor Removal - Chlorine Dioxide Cup - Extreme Odor Eliminator For Car - Safe And Easy To Use (3 Oz (Pack of 1) - Plastic)</p><p>$24.95 ($8.32 / Ounce)</p><a href="https://www.amazon.com/dp/B0C7WLPQC7?tag=eloabder-20&linkCode=osi&th=1&psc=1">View Product</a></div>

<div class="product"><a href="https://www.amazon.com/dp/B0052XFWCG?tag=eloabder-20&linkCode=osi&th=1&psc=1"><img src="https://m.media-amazon.com/images/I/41qajeJVXLL._SL500_.jpg" alt="Product Image"></a><p>Hot Shot's Secret HSS64Z Original Stiction Eliminator 64 Fluid Ounce Bottle, Green</p><p>$53.45 ($0.84 / Fl Oz)</p><a href="https://www.amazon.com/dp/B0052XFWCG?tag=eloabder-20&linkCode=osi&th=1&psc=1">View Product</a></div><div class="product"><a href="https://www.amazon.com/dp/B009M64CAW?tag=eloabder-20&linkCode=osi&th=1&psc=1"><img src="https://m.media-amazon.com/images/I/417D8X0nkBL._SL500_.jpg" alt="Product Image"></a><p>Lucas Oil 10679 Hot Rod & Classic Car SAE 10W-30 Motor Oil - 5 Quart</p><p>$38.50 ($0.24 / Fl Oz)</p><a href="https://www.amazon.com/dp/B009M64CAW?tag=eloabder-20&linkCode=osi&th=1&psc=1">View Product</a></div><div class="product"><a href="https://www.amazon.com/dp/B01L9ARY9O?tag=eloabder-20&linkCode=osi&th=1&psc=1"><img src="https://m.media-amazon.com/images/I/51yaZAYH75L._SL500_.jpg" alt="Product Image"></a><p>FPPF Chemical Co 00161 16 OZ HOT 4-in-1 Heating Oil Treatment (2 Bottles)</p><p>$26.42</p><a href="https://www.amazon.com/dp/B01L9ARY9O?tag=eloabder-20&linkCode=osi&th=1&psc=1">View Product</a></div><div class="product"><a href="https://www.amazon.com/dp/B009M64CUM?tag=eloabder-20&linkCode=osi&th=1&psc=1"><img src="https://m.media-amazon.com/images/I/41yiWaF8YQL._SL500_.jpg" alt="Product Image"></a><p>Lucas Oil 10683 Hot Rod & Classic Car SAE 10W-40 Motor Oil - 5 Quart</p><p>$43.24 ($0.27 / Fl Oz)</p><a href="https://www.amazon.com/dp/B009M64CUM?tag=eloabder-20&linkCode=osi&th=1&psc=1">View Product</a></div><div class="product"><a href="https://www.amazon.com/dp/B0973HNRH9?tag=eloabder-20&linkCode=osi&th=1&psc=1"><img src="https://m.media-amazon.com/images/I/41kyGGJa--L._SL500_.jpg" alt="Product Image"></a><p>Hot Shot's Secret FR3 Friction Reducer 64 Fluid Ounce 2 Quarts, Light Yellow Liquid, (HSSFR364Z)</p><p>$59.73 ($0.93 / Fl Oz)</p><a href="https://www.amazon.com/dp/B0973HNRH9?tag=eloabder-20&linkCode=osi&th=1&psc=1">View Product</a></div><div class="product"><a href="https://www.amazon.com/dp/B082YFQQ25?tag=eloabder-20&linkCode=osi&th=1&psc=1"><img src="https://m.media-amazon.com/images/I/511PTX7LlZL._SL500_.jpg" alt="Product Image"></a><p>Hot Shot's Secret Green Diamond 100 Percent Synthetic 15W40 Oil Diesel 1 Gallon</p><p>$39.99 ($0.31 / Fl Oz)</p><a href="https://www.amazon.com/dp/B082YFQQ25?tag=eloabder-20&linkCode=osi&th=1&psc=1">View Product</a></div>















<div class="product"><a href="https://www.amazon.com/dp/B08PTMXCJL?tag=eloabder-20&linkCode=osi&th=1&psc=1"><img src="https://m.media-amazon.com/images/I/410eJv-7UHL._SL500_.jpg" alt="Product Image"></a><p>Moly Grease | 3% Molybdenum Disulfide | Fifth Wheel | 5th | Automotive | Tractor | Axle | Spline | CV Joint | Lithium EP Grease | High Temp | 35 LB Pail Bucket | Black Moly | NLGI 2 | HeavyDuty Moly</p><p>$174.99 ($0.31 / Ounce)</p><a href="https://www.amazon.com/dp/B08PTMXCJL?tag=eloabder-20&linkCode=osi&th=1&psc=1">View Product</a></div><div class="product"><a href="https://www.amazon.com/dp/B08PTHJTK5?tag=eloabder-20&linkCode=osi&th=1&psc=1"><img src="https://m.media-amazon.com/images/I/41VdMjJ38aL._SL500_.jpg" alt="Product Image"></a><p>Wheel Bearing Grease Pail | Lithium Complex | High Temp EP | CV Joint | Axle | Automotive | Tractor | Truck | Ball Joint | Marine Boat | Gear | Heavy Duty | Blue | 35 LB Bucket | NLGI 2 | MultiPurpose</p><p>$167.99 ($0.30 / Ounce)</p><a href="https://www.amazon.com/dp/B08PTHJTK5?tag=eloabder-20&linkCode=osi&th=1&psc=1">View Product</a></div><div class="product"><a href="https://www.amazon.com/dp/B0013J1UA6?tag=eloabder-20&linkCode=osi&th=1&psc=1"><img src="https://m.media-amazon.com/images/I/41G0Fkf7KnL._SL500_.jpg" alt="Product Image"></a><p>CRC Food Grade Chain Lube 03055 – 12 Wt. Oz. Aerosol, NSF H1 Gear, Chain, and Wire Lubricant</p><p>$19.25 ($1.60 / Ounce)</p><a href="https://www.amazon.com/dp/B0013J1UA6?tag=eloabder-20&linkCode=osi&th=1&psc=1">View Product</a></div>





<div class="product"><a href="https://www.amazon.com/dp/B08GQ9G2V5?tag=eloabder-20&linkCode=osi&th=1&psc=1"><img src="https://m.media-amazon.com/images/I/511+rapOlWL._SL500_.jpg" alt="Product Image"></a><p>Armor All Car Air Freshener and Purifier, Car Odor Eliminator, 1.5 Ounce (Pack of 3)</p><p>$21.21 ($4.71 / Ounce)</p><a href="https://www.amazon.com/dp/B08GQ9G2V5?tag=eloabder-20&linkCode=osi&th=1&psc=1">View Product</a></div>







<div class="product"><a href="https://www.amazon.com/dp/B001229JCU?tag=eloabder-20&linkCode=osi&th=1&psc=1"><img src="https://m.media-amazon.com/images/I/31W6FuKPMcL._SL500_.jpg" alt="Product Image"></a><p>First Alert EZ Fire Spray, Extinguishing Aerosol Spray, AF400 Red 18 Ounce (Pack of 1)</p><p>$12.49</p><a href="https://www.amazon.com/dp/B001229JCU?tag=eloabder-20&linkCode=osi&th=1&psc=1">View Product</a></div><div class="product"><a href="https://www.amazon.com/dp/B002U0KGDY?tag=eloabder-20&linkCode=osi&th=1&psc=1"><img src="https://m.media-amazon.com/images/I/51p6R+mcRhL._SL500_.jpg" alt="Product Image"></a><p>First Alert EZ Fire Spray, Extinguishing Aerosol Spray, Pack of 2, AF400-2, RED</p><p>$27.02</p><a href="https://www.amazon.com/dp/B002U0KGDY?tag=eloabder-20&linkCode=osi&th=1&psc=1">View Product</a></div>
<div class="product"><a href="https://www.amazon.com/dp/B0088LVBUQ?tag=eloabder-20&linkCode=osi&th=1&psc=1"><img src="https://m.media-amazon.com/images/I/31h7l-l6u2L._SL500_.jpg" alt="Product Image"></a><p>Seymour EN-59 Hi-Tech Engine Spray Paint, General Motors Red</p><p>$9.08 ($0.76 / Ounce)</p><a href="https://www.amazon.com/dp/B0088LVBUQ?tag=eloabder-20&linkCode=osi&th=1&psc=1">View Product</a></div>




<div class="product"><a href="https://www.amazon.com/dp/B000HBNU9K?tag=eloabder-20&linkCode=osi&th=1&psc=1"><img src="https://m.media-amazon.com/images/I/41URzfKaVsL._SL500_.jpg" alt="Product Image"></a><p>Permatex 27828 Body Shop Heavy Duty Headliner Adhesive, High-Strength Spray Adhesive, Repair Detached Or Loose Interior Parts, Dries Clear, Aerosol Can, 16.75 Oz</p><p>$17.05 ($1.02 / Ounce)</p><a href="https://www.amazon.com/dp/B000HBNU9K?tag=eloabder-20&linkCode=osi&th=1&psc=1">View Product</a></div><div class="product"><a href="https://www.amazon.com/dp/B001VXXEXU?tag=eloabder-20&linkCode=osi&th=1&psc=1"><img src="https://m.media-amazon.com/images/I/5112onMwzaL._SL500_.jpg" alt="Product Image"></a><p>Vibra-TITE 213 Red VC-3 Original Threadmate, 250ml Can</p><p>$99.19</p><a href="https://www.amazon.com/dp/B001VXXEXU?tag=eloabder-20&linkCode=osi&th=1&psc=1">View Product</a></div><div class="product"><a href="https://www.amazon.com/dp/B0CWPSLTR1?tag=eloabder-20&linkCode=osi&th=1&psc=1"><img src="https://m.media-amazon.com/images/I/31ytleZjjaL._SL500_.jpg" alt="Product Image"></a><p>P & S PROFESSIONAL DETAIL PRODUCTS - Terminator Enzyme Spot and Stain Remover - Perfect for Deodorizing, Removing Embedded Soils, Grease, Dirt, and Protein-Based Stains; Fresh Scent (1 Quart)</p><p>$25.95 ($0.81 / Fl Oz)</p><a href="https://www.amazon.com/dp/B0CWPSLTR1?tag=eloabder-20&linkCode=osi&th=1&psc=1">View Product</a></div><div class="product"><a href="https://www.amazon.com/dp/B07GFNQL9H?tag=eloabder-20&linkCode=osi&th=1&psc=1"><img src="https://m.media-amazon.com/images/I/41AA3Nbt8OL._SL500_.jpg" alt="Product Image"></a><p>Gunk FEB1 Foamy Engine Brite Engine Cleaner - 17oz. 2 Pack</p><p>$17.95 ($0.53 / Ounce)</p><a href="https://www.amazon.com/dp/B07GFNQL9H?tag=eloabder-20&linkCode=osi&th=1&psc=1">View Product</a></div>



<div class="product"><a href="https://www.amazon.com/dp/B003SKCARK?tag=eloabder-20&linkCode=osi&th=1&psc=1"><img src="https://m.media-amazon.com/images/I/41rvU5irgRL._SL500_.jpg" alt="Product Image"></a><p>Obenauf's Heavy Duty LP Leather Preservative (4oz)- All Natural Beeswax Oil Conditioner- Rejuvenate Restore & Preserve Sunfaded or Cracked Boots Jackets Saddles Car Auto Upholstery Furniture- USA Made</p><p>$15.99</p><a href="https://www.amazon.com/dp/B003SKCARK?tag=eloabder-20&linkCode=osi&th=1&psc=1">View Product</a></div>
Aucun résultat trouvé.

<div class="product"><a href="https://www.amazon.com/dp/B0CLWDDWHX?tag=eloabder-20&linkCode=osi&th=1&psc=1"><img src="https://m.media-amazon.com/images/I/51HPMtia03L._SL500_.jpg" alt="Product Image"></a><p>Fire Fix Fire Extinguisher for Home 5-Pack | Made in USA | Emergency Fire Spray Foam for Apartment, Boat, Camping, Car, House, Kitchen & Vehicle | Safety & Survival | Compact, Small, Safe & Easy Use</p><p>$56.95</p><a href="https://www.amazon.com/dp/B0CLWDDWHX?tag=eloabder-20&linkCode=osi&th=1&psc=1">View Product</a></div><div class="product"><a href="https://www.amazon.com/dp/B0CKZF9H3D?tag=eloabder-20&linkCode=osi&th=1&psc=1"><img src="https://m.media-amazon.com/images/I/41+Q4YdByuL._SL500_.jpg" alt="Product Image"></a><p>Firexo All Fires Fire Extinguisher - Multipurpose Mini Aerosol - Pack of 6 - Home, Kitchen, Car, Garage, Boat, Caravan, Camping Household, ABC, Vehicle, Compact, RV, Emergency Equipment (0.1 Gal)</p><p>$139.99</p><a href="https://www.amazon.com/dp/B0CKZF9H3D?tag=eloabder-20&linkCode=osi&th=1&psc=1">View Product</a></div>
Aucun résultat trouvé.
Aucun résultat trouvé.






<div class="product"><a href="https://www.amazon.com/dp/B00FOKOKMU?tag=eloabder-20&linkCode=osi&th=1&psc=1"><img src="https://m.media-amazon.com/images/I/41KsUW-6WOL._SL500_.jpg" alt="Product Image"></a><p>The Original Leather Recoloring Balm by Furniture Clinic - 16 Colors - Leather Repair Kit for Furniture - Restore Couches, Car Seats & More - Leather Dye for Scratched and Faded Leather (Beige)</p><p>$29.95</p><a href="https://www.amazon.com/dp/B00FOKOKMU?tag=eloabder-20&linkCode=osi&th=1&psc=1">View Product</a></div>


<div class="product"><a href="https://www.amazon.com/dp/B0BQX6CPLS?tag=eloabder-20&linkCode=osi&th=1&psc=1"><img src="https://m.media-amazon.com/images/I/51OtuHOIJpL._SL500_.jpg" alt="Product Image"></a><p>Dry Stop Fire Spray by Prepared Hero - 8 Pack - Portable Fire Extinguisher for Home, Car, Garage, Kitchen - Works on Electrical, Grease, Battery Fires & More - Compact, Easy to Use</p><p>$143.99</p><a href="https://www.amazon.com/dp/B0BQX6CPLS?tag=eloabder-20&linkCode=osi&th=1&psc=1">View Product</a></div><div class="product"><a href="https://www.amazon.com/dp/B0BQX76B9K?tag=eloabder-20&linkCode=osi&th=1&psc=1"><img src="https://m.media-amazon.com/images/I/51iHCSuHw5L._SL500_.jpg" alt="Product Image"></a><p>Vapor Clean Fire Spray by Prepared Hero - 8 Pack - Portable Fire Extinguisher for Home, Car, Garage, Kitchen - Works on Electrical, Grease, Battery Fires & More - Compact, Easy to Use</p><p>$143.99</p><a href="https://www.amazon.com/dp/B0BQX76B9K?tag=eloabder-20&linkCode=osi&th=1&psc=1">View Product</a></div><div class="product"><a href="https://www.amazon.com/dp/B0C32NVZJZ?tag=eloabder-20&linkCode=osi&th=1&psc=1"><img src="https://m.media-amazon.com/images/I/61coxTM3mSL._SL500_.jpg" alt="Product Image"></a><p>Houandg Water-Based Fire Extinguisher- 2 Pack Portable Solution for All Fire Types in Homes, Vehicles, Kitchens - Prevents Re-Ignition</p><p>$33.98</p><a href="https://www.amazon.com/dp/B0C32NVZJZ?tag=eloabder-20&linkCode=osi&th=1&psc=1">View Product</a></div>
<div class="product"><a href="https://www.amazon.com/dp/B00L3W1OAO?tag=eloabder-20&linkCode=osi&th=1&psc=1"><img src="https://m.media-amazon.com/images/I/414uILMLuaL._SL500_.jpg" alt="Product Image"></a><p>Pro F/X Rubber Mask Grease Wheel - 1 Ounce - Trauma</p><p>$27.01</p><a href="https://www.amazon.com/dp/B00L3W1OAO?tag=eloabder-20&linkCode=osi&th=1&psc=1">View Product</a></div>
<div class="product"><a href="https://www.amazon.com/dp/B0CZ16SHCH?tag=eloabder-20&linkCode=osi&th=1&psc=1"><img src="https://m.media-amazon.com/images/I/31pYxaz4gYL._SL500_.jpg" alt="Product Image"></a><p>P & S PROFESSIONAL DETAIL PRODUCTS - Rehab - Paint Correction Creme Safe for All Paint Types and with Multiple pad Types - Easy-to-use-Formula Works at Any Stage of Paint Correction - 1 Quart</p><p>$56.95</p><a href="https://www.amazon.com/dp/B0CZ16SHCH?tag=eloabder-20&linkCode=osi&th=1&psc=1">View Product</a></div><div class="product"><a href="https://www.amazon.com/dp/B082BG8HLX?tag=eloabder-20&linkCode=osi&th=1&psc=1"><img src="https://m.media-amazon.com/images/I/31OAXbv7QFL._SL500_.jpg" alt="Product Image"></a><p>Lithium Auto Elixirs Color Crush- A rather intense approach to an Instant Detailer, Infused with color enhancing technology - Extremely Hydrophobic ingredients, long lasting Instant Detailer</p><p>$19.95 ($1.25 / Fl Oz)</p><a href="https://www.amazon.com/dp/B082BG8HLX?tag=eloabder-20&linkCode=osi&th=1&psc=1">View Product</a></div><div class="product"><a href="https://www.amazon.com/dp/B07MTPWZ76?tag=eloabder-20&linkCode=osi&th=1&psc=1"><img src="https://m.media-amazon.com/images/I/41v5yubrqoL._SL500_.jpg" alt="Product Image"></a><p>Lithium Seal and Squeal Paint Sealant/Polish - Incredible Shine and Lasting Protection - Curable Amino Functional Polymers Fused with Si02 Ceramic Nano Technology -Lasts for up to 12 Months (16 oz)</p><p>$39.99 ($2.50 / Ounce)</p><a href="https://www.amazon.com/dp/B07MTPWZ76?tag=eloabder-20&linkCode=osi&th=1&psc=1">View Product</a></div><div class="product"><a href="https://www.amazon.com/dp/B07MVNX377?tag=eloabder-20&linkCode=osi&th=1&psc=1"><img src="https://m.media-amazon.com/images/I/31gEqFf7rhL._SL500_.jpg" alt="Product Image"></a><p>Leather Love - The Best Leather Conditioner On The Planet, Brings Old Leather Back To Life, All Natural Ingredients Mixed With Serious Science, Restores, Rehydrates, Protects (8oz)</p><p>$28.99 ($3.62 / Ounce)</p><a href="https://www.amazon.com/dp/B07MVNX377?tag=eloabder-20&linkCode=osi&th=1&psc=1">View Product</a></div><div class="product"><a href="https://www.amazon.com/dp/B07MTQP514?tag=eloabder-20&linkCode=osi&th=1&psc=1"><img src="https://m.media-amazon.com/images/I/311IYwH-oaL._SL500_.jpg" alt="Product Image"></a><p>Trim Serum- Plastic Restorer- Restores Even the Most Damaged Plastic, Rubber and Vinyl, Last For Months, Penetrates Plastic Pores Restoring Color. (16 Oz)</p><p>$36.99</p><a href="https://www.amazon.com/dp/B07MTQP514?tag=eloabder-20&linkCode=osi&th=1&psc=1">View Product</a></div><div class="product"><a href="https://www.amazon.com/dp/B07236X7TS?tag=eloabder-20&linkCode=osi&th=1&psc=1"><img src="https://m.media-amazon.com/images/I/51-mgxYD9kL._SL500_.jpg" alt="Product Image"></a><p>Skidmore's Biker Edition Leather Cream | All Natural Formula Cleans, Conditions, and Protects your Motorcycle | Made in USA</p><p>$44.98</p><a href="https://www.amazon.com/dp/B07236X7TS?tag=eloabder-20&linkCode=osi&th=1&psc=1">View Product</a></div><div class="product"><a href="https://www.amazon.com/dp/B001CS6HH4?tag=eloabder-20&linkCode=osi&th=1&psc=1"><img src="https://m.media-amazon.com/images/I/41wY0SB+DWL._SL500_.jpg" alt="Product Image"></a><p>Fiebing's Yellow Saddle Soap for Leather (3.5 oz Tin) - Leather Cleaner & Conditioner to Soften, Protect & Restore Leathercraft - Leather Soap for Car Seat, Couch, Shoe, Purse, Boot, Bag, & Saddles</p><p>$7.15 ($2.04 / Ounce)</p><a href="https://www.amazon.com/dp/B001CS6HH4?tag=eloabder-20&linkCode=osi&th=1&psc=1">View Product</a></div><div class="product"><a href="https://www.amazon.com/dp/B08RHZ1BKD?tag=eloabder-20&linkCode=osi&th=1&psc=1"><img src="https://m.media-amazon.com/images/I/21WKh31c4tL._SL500_.jpg" alt="Product Image"></a><p>Lithium Ignite After Wash - Conditions and Shines Surfaces as You Dry. Streak-Free Hydrophobic Formula adds Lubrication to Stop Micro Scratching While Surfaces pop with Color.</p><p>$21.99 ($1.37 / Fl Oz)</p><a href="https://www.amazon.com/dp/B08RHZ1BKD?tag=eloabder-20&linkCode=osi&th=1&psc=1">View Product</a></div><div class="product"><a href="https://www.amazon.com/dp/B0003A1T3E?tag=eloabder-20&linkCode=osi&th=1&psc=1"><img src="https://m.media-amazon.com/images/I/41042PKJ1ZL._SL500_.jpg" alt="Product Image"></a><p>URAD One step All-In-One Leather conditioner 140g - NEUTRAL</p><p>$16.13</p><a href="https://www.amazon.com/dp/B0003A1T3E?tag=eloabder-20&linkCode=osi&th=1&psc=1">View Product</a></div>

<div class="product"><a href="https://www.amazon.com/dp/B0B3NFH3QY?tag=eloabder-20&linkCode=osi&th=1&psc=1"><img src="https://m.media-amazon.com/images/I/51sKVZnP-WL._SL500_.jpg" alt="Product Image"></a><p>Little Joe 96427-6PK I Love Hockey New Car Scent Red Car Air Freshener A/C Vent Clip Uses Alcohol-Free Fragrance Oil is Non-Hazardous and Non-Toxic Plastic, Pack of 6</p><p>$21.99 ($3.66 / Count)</p><a href="https://www.amazon.com/dp/B0B3NFH3QY?tag=eloabder-20&linkCode=osi&th=1&psc=1">View Product</a></div><div class="product"><a href="https://www.amazon.com/dp/B072275K82?tag=eloabder-20&linkCode=osi&th=1&psc=1"><img src="https://m.media-amazon.com/images/I/41wDnF6SiAL._SL500_.jpg" alt="Product Image"></a><p>Little Joe 96404-6PK Fruit Scent, Car Air Freshener, Clips to A/C Air Vent, Alcohol-Free Fragrance Oil, Non-Hazardous and Non-Toxic Plastic, Set of 6</p><p>$16.60 ($2.77 / Count)</p><a href="https://www.amazon.com/dp/B072275K82?tag=eloabder-20&linkCode=osi&th=1&psc=1">View Product</a></div><div class="product"><a href="https://www.amazon.com/dp/B0CQPQ2S4W?tag=eloabder-20&linkCode=osi&th=1&psc=1"><img src="https://m.media-amazon.com/images/I/31iRknmvjeL._SL500_.jpg" alt="Product Image"></a><p>Little Pup 96613 Blue Raspberry Slushy Scent Car Air Freshener A/C Vent Clip Uses Alcohol-Free Fragrance Oil is Non Hazardous and Non Toxic, Pack of 1</p><p>$3.94</p><a href="https://www.amazon.com/dp/B0CQPQ2S4W?tag=eloabder-20&linkCode=osi&th=1&psc=1">View Product</a></div><div class="product"><a href="https://www.amazon.com/dp/B0CQPNMTM4?tag=eloabder-20&linkCode=osi&th=1&psc=1"><img src="https://m.media-amazon.com/images/I/41eEovL+zML._SL500_.jpg" alt="Product Image"></a><p>Little Joe 96414-6PK Orange Creamsicle Scent Car Air Freshener A/C Vent Clip Uses Alcohol-Free Fragrance Oil is Non-Hazardous and Non-Toxic Plastic, Pack of 6</p><p>$25.99 ($4.33 / Count)</p><a href="https://www.amazon.com/dp/B0CQPNMTM4?tag=eloabder-20&linkCode=osi&th=1&psc=1">View Product</a></div><div class="product"><a href="https://www.amazon.com/dp/B0CH9KNNZN?tag=eloabder-20&linkCode=osi&th=1&psc=1"><img src="https://m.media-amazon.com/images/I/41jX66PGMTL._SL500_.jpg" alt="Product Image"></a><p>TAKAVU Clay Bars Auto Detailing 2 Pack X 100g, Premium Grade Material, Magic Clay Bar Cleaner for Cars, RV, Boat and Bus (Grey)</p><p>$9.99</p><a href="https://www.amazon.com/dp/B0CH9KNNZN?tag=eloabder-20&linkCode=osi&th=1&psc=1">View Product</a></div>

<div class="product"><a href="https://www.amazon.com/dp/B004UM6DLE?tag=eloabder-20&linkCode=osi&th=1&psc=1"><img src="https://m.media-amazon.com/images/I/314nawyx6sL._SL500_.jpg" alt="Product Image"></a><p>CARPRO IronX Iron Remover: Stops Rust Spots and Pre-Mature Failure of The Clear Coat, Iron Contaminant Removal - 500mL with Sprayer (17oz)</p><p>$26.78</p><a href="https://www.amazon.com/dp/B004UM6DLE?tag=eloabder-20&linkCode=osi&th=1&psc=1">View Product</a></div><div class="product"><a href="https://www.amazon.com/dp/B01HXZXO98?tag=eloabder-20&linkCode=osi&th=1&psc=1"><img src="https://m.media-amazon.com/images/I/41Ne9OfQGzL._SL500_.jpg" alt="Product Image"></a><p>Chemical Guys CWS80316 Clean Slate Deep Surface Cleaning Car Wash Soap (Removes Old Car Waxes, Glazes & Sealants for Superior Surface Prep), 16 fl oz, Citrus Scent</p><p>$11.99 ($0.75 / Fl Oz)</p><a href="https://www.amazon.com/dp/B01HXZXO98?tag=eloabder-20&linkCode=osi&th=1&psc=1">View Product</a></div><div class="product"><a href="https://www.amazon.com/dp/B07C39H9YX?tag=eloabder-20&linkCode=osi&th=1&psc=1"><img src="https://m.media-amazon.com/images/I/31yK3Vb5xWL._SL500_.jpg" alt="Product Image"></a><p>Adam's Polishes Iron Remover (16oz) - Iron Out Fallout Rust Remover Spray for Car Detailing | Remove Iron Particles in Car Paint, Motorcycle, RV & Boat | Use Before Clay Bar, Car Wax or Car Wash</p><p>$16.99</p><a href="https://www.amazon.com/dp/B07C39H9YX?tag=eloabder-20&linkCode=osi&th=1&psc=1">View Product</a></div><div class="product"><a href="https://www.amazon.com/dp/B0BTJ9DJM5?tag=eloabder-20&linkCode=osi&th=1&psc=1"><img src="https://m.media-amazon.com/images/I/41tNMqlDrxL._SL500_.jpg" alt="Product Image"></a><p>Torque Detail Decon Wash Pack - Decontamination Soap 8oz + Wash Mitt - Surface Strip Wash Car Shampoo - Highly Absorbent Microfiber Chenille Car Wash Mitt Safely Cleans Your Vehicles Entire Surface</p><p>$24.95 ($3.12 / Fl Oz)</p><a href="https://www.amazon.com/dp/B0BTJ9DJM5?tag=eloabder-20&linkCode=osi&th=1&psc=1">View Product</a></div><div class="product"><a href="https://www.amazon.com/dp/B013K5V9PQ?tag=eloabder-20&linkCode=osi&th=1&psc=1"><img src="https://m.media-amazon.com/images/I/41V3rm6NlZL._SL500_.jpg" alt="Product Image"></a><p>CARPRO PolyShave Decon Towel - Car Detailing Clay Decontamination Faster than Clay Bar, Clean & Release of Paint Contaminants and Glass - Increase Wax and Sealant Bond - 12" x 12" (1 Pack)</p><p>$39.97</p><a href="https://www.amazon.com/dp/B013K5V9PQ?tag=eloabder-20&linkCode=osi&th=1&psc=1">View Product</a></div><div class="product"><a href="https://www.amazon.com/dp/B0B788NBWG?tag=eloabder-20&linkCode=osi&th=1&psc=1"><img src="https://m.media-amazon.com/images/I/51NDfAOuEmL._SL500_.jpg" alt="Product Image"></a><p>P & S Professional Detail Products - Clay Decontamination Towel - Effective Cleaning & Release of Paint Contaminants; Increase Wax & Sealant Bond; Enhance Gloss & Depth of Color; Fine Grade-12" x 12"</p><p>$34.95</p><a href="https://www.amazon.com/dp/B0B788NBWG?tag=eloabder-20&linkCode=osi&th=1&psc=1">View Product</a></div><div class="product"><a href="https://www.amazon.com/dp/B0B27TFK69?tag=eloabder-20&linkCode=osi&th=1&psc=1"><img src="https://m.media-amazon.com/images/I/41zJPQIcqeL._SL500_.jpg" alt="Product Image"></a><p>The Rag Company - Ultra Clay Decontamination Mitt - Easy to Use; Effective Cleaning & Release of Paint Contaminants; Increase Wax & Sealant Bond; Enhance Gloss &Color Depth; Fine Grade (8.7"x5.7")</p><p>$34.95</p><a href="https://www.amazon.com/dp/B0B27TFK69?tag=eloabder-20&linkCode=osi&th=1&psc=1">View Product</a></div><div class="product"><a href="https://www.amazon.com/dp/B0C6XBN14N?tag=eloabder-20&linkCode=osi&th=1&psc=1"><img src="https://m.media-amazon.com/images/I/31BSavOJ89L._SL500_.jpg" alt="Product Image"></a><p>3D Iron Remover GLW Series | DIY Car Detailing | Hyper Effective Wheel Decontamination | Removes Iron Particles, Dirt, Brake Dust | Rapid Results | Ultimate Iron & Surface Contaminate Eliminator, 16oz</p><p>$17.99</p><a href="https://www.amazon.com/dp/B0C6XBN14N?tag=eloabder-20&linkCode=osi&th=1&psc=1">View Product</a></div>







<div class="product"><a href="https://www.amazon.com/dp/B0D2SPCW3G?tag=eloabder-20&linkCode=osi&th=1&psc=1"><img src="https://m.media-amazon.com/images/I/41JYIg6xqqL._SL500_.jpg" alt="Product Image"></a><p>Crankcase Ventilation Oil Separator with Gasket Compatible for 2008-2014 Volvo Mack D13 D16 MP8 Engine Replace 21122541 20499419</p><p>$155.99</p><a href="https://www.amazon.com/dp/B0D2SPCW3G?tag=eloabder-20&linkCode=osi&th=1&psc=1">View Product</a></div>

<div class="product"><a href="https://www.amazon.com/dp/B0C6M2FHGX?tag=eloabder-20&linkCode=osi&th=1&psc=1"><img src="https://m.media-amazon.com/images/I/21wWRrpHdbL._SL500_.jpg" alt="Product Image"></a><p>eMagTech 9PCS Warning Sign Please No Smoking Vaping Food Drink Stickers 110x50mm Self-Adhesive Vinyl Window Decal for Car Taxis Buses Minibuses</p><p>$9.49</p><a href="https://www.amazon.com/dp/B0C6M2FHGX?tag=eloabder-20&linkCode=osi&th=1&psc=1">View Product</a></div>

Aucun résultat trouvé.

<div class="product"><a href="https://www.amazon.com/dp/B0CVWZZMRY?tag=eloabder-20&linkCode=osi&th=1&psc=1"><img src="https://m.media-amazon.com/images/I/512y-1GwQNL._SL500_.jpg" alt="Product Image"></a><p>Jewkot 4 PCS Car Wiper Strip, 28" Boneless Structure Car Windshield Cleaning Wiper Strip, DIY Length Auxiliary Cleaning Replacement Accessory, Suitable for Most Cars, Vans, Trucks, Buses (Black)</p><p>$5.58</p><a href="https://www.amazon.com/dp/B0CVWZZMRY?tag=eloabder-20&linkCode=osi&th=1&psc=1">View Product</a></div>
<div class="product"><a href="https://www.amazon.com/dp/B07L3VQC6W?tag=eloabder-20&linkCode=osi&th=1&psc=1"><img src="https://m.media-amazon.com/images/I/41GebP+2HYL._SL500_.jpg" alt="Product Image"></a><p>BRISA VW Collection Volkswagen Air Freshener, Room Freshener, Deodorizer for Cars T1 Bus Campervan Motif (Citrus/Yellow/Set of 2)</p><p>$13.90 ($6.95 / Count)</p><a href="https://www.amazon.com/dp/B07L3VQC6W?tag=eloabder-20&linkCode=osi&th=1&psc=1">View Product</a></div><div class="product"><a href="https://www.amazon.com/dp/B07L3V86JS?tag=eloabder-20&linkCode=osi&th=1&psc=1"><img src="https://m.media-amazon.com/images/I/41TblWhKhQL._SL500_.jpg" alt="Product Image"></a><p>BRISA VW Collection Volkswagen Air Freshener, Room Freshener, Deodorizer for Cars T1 Bus Campervan Motif (New Car/Green/Set of 2)</p><p>$13.90 ($6.95 / Count)</p><a href="https://www.amazon.com/dp/B07L3V86JS?tag=eloabder-20&linkCode=osi&th=1&psc=1">View Product</a></div>


Aucun résultat trouvé.










<div class="product"><a href="https://www.amazon.com/dp/B099HL5SV2?tag=eloabder-20&linkCode=osi&th=1&psc=1"><img src="https://m.media-amazon.com/images/I/31kcR8HnylL._SL500_.jpg" alt="Product Image"></a><p>Philips GoPure GP5212 High Performance HEPA Air Purifier for Car, Removes up to 100 Pollutants, Exhaust Fumes, VOCs, Smoke, Bad Odors, Bacteria and Viruses</p><p>$77.59</p><a href="https://www.amazon.com/dp/B099HL5SV2?tag=eloabder-20&linkCode=osi&th=1&psc=1">View Product</a></div><div class="product"><a href="https://www.amazon.com/dp/B07TB419F7?tag=eloabder-20&linkCode=osi&th=1&psc=1"><img src="https://m.media-amazon.com/images/I/41l9XK-u-eL._SL500_.jpg" alt="Product Image"></a><p>Enoch Ionic Car Air Purifier with Dual USB Car Charger. Car Air Freshener Eliminates Odor, Dust. Removes Smoke, Pet and Food Odor. Ionic Ozone Car Deodorizer (Matt Black)</p><p>$24.50</p><a href="https://www.amazon.com/dp/B07TB419F7?tag=eloabder-20&linkCode=osi&th=1&psc=1">View Product</a></div><div class="product"><a href="https://www.amazon.com/dp/B08C9LKKMM?tag=eloabder-20&linkCode=osi&th=1&psc=1"><img src="https://m.media-amazon.com/images/I/41uJDRzxfrL._SL500_.jpg" alt="Product Image"></a><p>4WDKING Car Air Purifier Ionizer, 12V Plug-in Car Air Freshener Gadgets with Dual USB Charger Removes Cigarette Smoke, Pet and Food Odor, Ionic Ozone (Black)</p><p>$22.99</p><a href="https://www.amazon.com/dp/B08C9LKKMM?tag=eloabder-20&linkCode=osi&th=1&psc=1">View Product</a></div><div class="product"><a href="https://www.amazon.com/dp/B07C7D366L?tag=eloabder-20&linkCode=osi&th=1&psc=1"><img src="https://m.media-amazon.com/images/I/51GvjMcOskL._SL500_.jpg" alt="Product Image"></a><p>Car Air Purifier Ionizer - 12V Plug-in Ionic Anti-Microbial Car Deodorizer with Dual USB Charger - Smoke Smell, Pet and Food Odors, Allergens, Viruses Eliminator for Car (Matte Silver)</p><p>$24.99</p><a href="https://www.amazon.com/dp/B07C7D366L?tag=eloabder-20&linkCode=osi&th=1&psc=1">View Product</a></div><div class="product"><a href="https://www.amazon.com/dp/B086H3FW7T?tag=eloabder-20&linkCode=osi&th=1&psc=1"><img src="https://m.media-amazon.com/images/I/51FfQTz4koL._SL500_.jpg" alt="Product Image"></a><p>bmbu 1000g Large Bamboo Charcoal Air Purifier Bag - Car Deodorizer/Car Freshener - Remove Odor and Control Moisture in Your RV, Camper, SUV, Car, Truck, Closet, Mobile Home, Storage - Non Fragrant</p><p>$22.99 ($0.65 / Ounce)</p><a href="https://www.amazon.com/dp/B086H3FW7T?tag=eloabder-20&linkCode=osi&th=1&psc=1">View Product</a></div><div class="product"><a href="https://www.amazon.com/dp/B019NXUJ5K?tag=eloabder-20&linkCode=osi&th=1&psc=1"><img src="https://m.media-amazon.com/images/I/31grLw6pdUL._SL500_.jpg" alt="Product Image"></a><p>PURGGO Car Air Freshener - Lasts 365+ Days No Chemicals 100% Activated Bamboo Charcoal Fragrance-Free Deodorizer, Natural Auto Odor Eliminator, Purifier, Neutralizer, Absorb Smoke Smell</p><p>$25.99</p><a href="https://www.amazon.com/dp/B019NXUJ5K?tag=eloabder-20&linkCode=osi&th=1&psc=1">View Product</a></div><div class="product"><a href="https://www.amazon.com/dp/B0CT5TBKH5?tag=eloabder-20&linkCode=osi&th=1&psc=1"><img src="https://m.media-amazon.com/images/I/41UB7n6FuwL._SL500_.jpg" alt="Product Image"></a><p>Timgle 1 Pack Car Air Freshener, Lasts 365+ Days, No Chemicals 100% Activated Bamboo Charcoal Fragrance, Free Deodorizer, Natural Auto Odor Eliminator, Purifier, Neutralizer (Khaki Strap)</p><p>$10.99</p><a href="https://www.amazon.com/dp/B0CT5TBKH5?tag=eloabder-20&linkCode=osi&th=1&psc=1">View Product</a></div><div class="product"><a href="https://www.amazon.com/dp/B00V4049K2?tag=eloabder-20&linkCode=osi&th=1&psc=1"><img src="https://m.media-amazon.com/images/I/51rLLMGOc6L._SL500_.jpg" alt="Product Image"></a><p>PURGGO Car Air Freshener - Auto Odor Eliminator - 100% Activated Bamboo Charcoal Air Purifier, Ionizer - Absorb and Remove Smoke Smell - Fragrance-Free Deodorizer - Lasts 365+ Days [Classic Beige]</p><p>$25.99</p><a href="https://www.amazon.com/dp/B00V4049K2?tag=eloabder-20&linkCode=osi&th=1&psc=1">View Product</a></div>








<div class="product"><a href="https://www.amazon.com/dp/B00RYGK12K?tag=eloabder-20&linkCode=osi&th=1&psc=1"><img src="https://m.media-amazon.com/images/I/51RdEyCkvuL._SL500_.jpg" alt="Product Image"></a><p>Little Trees Cardboard Hanging Car, Home & Office Air Freshener, Summer Linen (Pack of 12)</p><p>$11.82 ($0.98 / Count)</p><a href="https://www.amazon.com/dp/B00RYGK12K?tag=eloabder-20&linkCode=osi&th=1&psc=1">View Product</a></div><div class="product"><a href="https://www.amazon.com/dp/B00LM54ZD0?tag=eloabder-20&linkCode=osi&th=1&psc=1"><img src="https://m.media-amazon.com/images/I/41YuRNweefL._SL500_.jpg" alt="Product Image"></a><p>LITTLE TREES Air Fresheners Car Air Freshener. Hanging Tree Provides Long Lasting Scent for Auto or Home. Black Ice, 24 Air Fresheners</p><p>$20.19 ($0.84 / Count)</p><a href="https://www.amazon.com/dp/B00LM54ZD0?tag=eloabder-20&linkCode=osi&th=1&psc=1">View Product</a></div><div class="product"><a href="https://www.amazon.com/dp/B09BB4V1Y8?tag=eloabder-20&linkCode=osi&th=1&psc=1"><img src="https://m.media-amazon.com/images/I/51AKMdDLO-L._SL500_.jpg" alt="Product Image"></a><p>DRIVEJOY Car Air Freshener Vent Clips, 8 PK, 6 Ocean, 2 New Car Scent, Car Fresheners for Men Women, Up to 240 Days, Long Lasting Air Freshener for Car, Odor Eliminator</p><p>$9.98 ($9.60 / Fl Oz)</p><a href="https://www.amazon.com/dp/B09BB4V1Y8?tag=eloabder-20&linkCode=osi&th=1&psc=1">View Product</a></div><div class="product"><a href="https://www.amazon.com/dp/B078JWRLYT?tag=eloabder-20&linkCode=osi&th=1&psc=1"><img src="https://m.media-amazon.com/images/I/41shbIl-LEL._SL500_.jpg" alt="Product Image"></a><p>California Scents Air Freshener 4-Pack Car Air Freshener (Coronado Cherry)</p><p>$12.88 ($2.15 / Ounce)</p><a href="https://www.amazon.com/dp/B078JWRLYT?tag=eloabder-20&linkCode=osi&th=1&psc=1">View Product</a></div><div class="product"><a href="https://www.amazon.com/dp/B0CW4CJWW9?tag=eloabder-20&linkCode=osi&th=1&psc=1"><img src="https://m.media-amazon.com/images/I/417lKQ0MXPL._SL500_.jpg" alt="Product Image"></a><p>Karma, Essential Oil Air Freshener for Cars Set of 2, Home & Office - Colorful Decorative Hanging Air Freshener with Tassel, Buttercup Vanilla Scented</p><p>$8.40 ($4.20 / Count)</p><a href="https://www.amazon.com/dp/B0CW4CJWW9?tag=eloabder-20&linkCode=osi&th=1&psc=1">View Product</a></div><div class="product"><a href="https://www.amazon.com/dp/B00AYCXL2I?tag=eloabder-20&linkCode=osi&th=1&psc=1"><img src="https://m.media-amazon.com/images/I/5165h10nKbL._SL500_.jpg" alt="Product Image"></a><p>Febreze Car Air Fresheners, New Car Scent, Odor Eliminator for Strong Odors Car Vent Clips (2 Count)</p><p>$9.98 ($4.99 / Count)</p><a href="https://www.amazon.com/dp/B00AYCXL2I?tag=eloabder-20&linkCode=osi&th=1&psc=1">View Product</a></div><div class="product"><a href="https://www.amazon.com/dp/B01LZ0N1MJ?tag=eloabder-20&linkCode=osi&th=1&psc=1"><img src="https://m.media-amazon.com/images/I/41J5LJGof9L._SL500_.jpg" alt="Product Image"></a><p>LITTLE TREES Car Air Freshener | Hanging Paper Tree for Home or Car | New Car Scent | 12 Pack</p><p>$11.70 ($0.98 / Count)</p><a href="https://www.amazon.com/dp/B01LZ0N1MJ?tag=eloabder-20&linkCode=osi&th=1&psc=1">View Product</a></div><div class="product"><a href="https://www.amazon.com/dp/B0C2Q2VGPZ?tag=eloabder-20&linkCode=osi&th=1&psc=1"><img src="https://m.media-amazon.com/images/I/413gckSL1EL._SL500_.jpg" alt="Product Image"></a><p>Savage Disposable Card Freshener for Men | Car Scents Air Freshener with Sauvage Fragrance | Strong Car Perfume Air Freshener with Odour Eliminating Technology | Suvage by Perfa</p><p>$6.99</p><a href="https://www.amazon.com/dp/B0C2Q2VGPZ?tag=eloabder-20&linkCode=osi&th=1&psc=1">View Product</a></div>




<div class="product"><a href="https://www.amazon.com/dp/B06WVL7YSG?tag=eloabder-20&linkCode=osi&th=1&psc=1"><img src="https://m.media-amazon.com/images/I/51fO0NuM6nL._SL500_.jpg" alt="Product Image"></a><p>Meguiar's Quik Scratch Eraser Kit, Car Scratch Remover for Repairing Surface Blemishes, Car Care Kit with ScratchX, Drill-Mounted Pad, and Microfiber Towel, 3 Count</p><p>$17.97</p><a href="https://www.amazon.com/dp/B06WVL7YSG?tag=eloabder-20&linkCode=osi&th=1&psc=1">View Product</a></div><div class="product"><a href="https://www.amazon.com/dp/B00P67GSRG?tag=eloabder-20&linkCode=osi&th=1&psc=1"><img src="https://m.media-amazon.com/images/I/41R-vt8tcnL._SL500_.jpg" alt="Product Image"></a><p>Chemical Guys GAP_VKIT_16 V Line Polish and Compound Kit For Light to Heavy Swirls & Scratches (Safe for Cars, Trucks, SUVs, RVs, Motorcycles, & More) 4 - 16 fl oz Items</p><p>$69.99</p><a href="https://www.amazon.com/dp/B00P67GSRG?tag=eloabder-20&linkCode=osi&th=1&psc=1">View Product</a></div>
<div class="product"><a href="https://www.amazon.com/dp/B0BQ1CPLSQ?tag=eloabder-20&linkCode=osi&th=1&psc=1"><img src="https://m.media-amazon.com/images/I/41ikSNNgp5L._SL500_.jpg" alt="Product Image"></a><p>PROPER DETAILING CO. Car Detailing Kit Interior Cleaner, Get Professional Results - Car Interior Cleaning Kit includes 16 oz. interior cleaner, premium boars hair detail brush, and 2 microfiber towels</p><p>$23.99</p><a href="https://www.amazon.com/dp/B0BQ1CPLSQ?tag=eloabder-20&linkCode=osi&th=1&psc=1">View Product</a></div>







<div class="product"><a href="https://www.amazon.com/dp/B0D464228M?tag=eloabder-20&linkCode=osi&th=1&psc=1"><img src="https://m.media-amazon.com/images/I/315VtBe9l-L._SL500_.jpg" alt="Product Image"></a><p>Drift Car Air Freshener - Wood Air Freshener - Car Odor Eliminator - Open Air Scent Starter Kit</p><p>$11.95</p><a href="https://www.amazon.com/dp/B0D464228M?tag=eloabder-20&linkCode=osi&th=1&psc=1">View Product</a></div>
<div class="product"><a href="https://www.amazon.com/dp/B071HR14SJ?tag=eloabder-20&linkCode=osi&th=1&psc=1"><img src="https://m.media-amazon.com/images/I/41crypCefDL._SL500_.jpg" alt="Product Image"></a><p>Meguiar's Gold Class Car Wash Soap, Ultra-Rich Car Wash Soap and Conditioner for Car Cleaning, Car Wash Soap to Clean and Condition in One Easy Step, 1 Gallon Car Wash Soap</p><p>$24.99 ($0.20 / Ounce)</p><a href="https://www.amazon.com/dp/B071HR14SJ?tag=eloabder-20&linkCode=osi&th=1&psc=1">View Product</a></div><div class="product"><a href="https://www.amazon.com/dp/B085R9L9Q9?tag=eloabder-20&linkCode=osi&th=1&psc=1"><img src="https://m.media-amazon.com/images/I/41tAv1FNbZL._SL500_.jpg" alt="Product Image"></a><p>Armor All Extreme Shield Protectant Spray , Interior Car Cleaner with UV Protection Against Cracking and Fading, 16 Fl Oz</p><p>$8.98 ($0.56 / Fl Oz)</p><a href="https://www.amazon.com/dp/B085R9L9Q9?tag=eloabder-20&linkCode=osi&th=1&psc=1">View Product</a></div><div class="product"><a href="https://www.amazon.com/dp/B016NA9Y4S?tag=eloabder-20&linkCode=osi&th=1&psc=1"><img src="https://m.media-amazon.com/images/I/31oz8VJFdjL._SL500_.jpg" alt="Product Image"></a><p>Rain-X 5079281-2 Latitude 2-In-1 Wiper Blades, 26 Inch Windshield Wipers (Pack Of 1), Automotive Replacement Windshield Wiper Blades With Patented Rain-X Water Repellency Formula</p><p>$17.08</p><a href="https://www.amazon.com/dp/B016NA9Y4S?tag=eloabder-20&linkCode=osi&th=1&psc=1">View Product</a></div><div class="product"><a href="https://www.amazon.com/dp/B0D2PCCJVK?tag=eloabder-20&linkCode=osi&th=1&psc=1"><img src="https://m.media-amazon.com/images/I/41BFT-c3a9L._SL500_.jpg" alt="Product Image"></a><p>HoogaLife Car Air Freshener Diffuser – Revitalize Your Drive with Hanging Air Freshener Diffuser Aromatic Bliss On The Go(VANILLA CREAM)</p><p>$12.99 ($24.06 / Fl Oz)</p><a href="https://www.amazon.com/dp/B0D2PCCJVK?tag=eloabder-20&linkCode=osi&th=1&psc=1">View Product</a></div><div class="product"><a href="https://www.amazon.com/dp/B0D17SKCLF?tag=eloabder-20&linkCode=osi&th=1&psc=1"><img src="https://m.media-amazon.com/images/I/51VjaK8JNmL._SL500_.jpg" alt="Product Image"></a><p>AIDEA Car Wash Mitt Microfiber, 1PK-Scratch-Free& Lint-Free, Premium Chenille Microfiber Wash Mitt-Green Regular Size (7.12''X10.14'')</p><p>$5.99</p><a href="https://www.amazon.com/dp/B0D17SKCLF?tag=eloabder-20&linkCode=osi&th=1&psc=1">View Product</a></div>








<div class="product"><a href="https://www.amazon.com/dp/B00UZE8D00?tag=eloabder-20&linkCode=osi&th=1&psc=1"><img src="https://m.media-amazon.com/images/I/517VVkgvgcL._SL500_.jpg" alt="Product Image"></a><p>Chemical Guys HOL_996 Convertible Top Cleaner and Protectant Kit, 16 oz, 2 Items</p><p>$29.99</p><a href="https://www.amazon.com/dp/B00UZE8D00?tag=eloabder-20&linkCode=osi&th=1&psc=1">View Product</a></div><div class="product"><a href="https://www.amazon.com/dp/B004HCS4NW?tag=eloabder-20&linkCode=osi&th=1&psc=1"><img src="https://m.media-amazon.com/images/I/41j5b6xRqNL._SL500_.jpg" alt="Product Image"></a><p>Meguiar's Convertible Top Cleaner - Fabric Convertible Top Cleaner and Vinyl Convertible Top Cleaner in One Advanced Formula - Safely Removes Stains, Mildew, Bird Droppings, and More, 16 Oz</p><p>$6.87 ($0.43 / Ounce)</p><a href="https://www.amazon.com/dp/B004HCS4NW?tag=eloabder-20&linkCode=osi&th=1&psc=1">View Product</a></div><div class="product"><a href="https://www.amazon.com/dp/B00UZE80N0?tag=eloabder-20&linkCode=osi&th=1&psc=1"><img src="https://m.media-amazon.com/images/I/31FG83SK9SL._SL500_.jpg" alt="Product Image"></a><p>Chemical Guys SPI_193_16 Convertible Top Protectant and Repellent, (Helps Prevent Fading & Discoloration on Fabric Sot Tops) 16 fl oz (Packaging May Vary)</p><p>$19.99 ($1.25 / Fl Oz)</p><a href="https://www.amazon.com/dp/B00UZE80N0?tag=eloabder-20&linkCode=osi&th=1&psc=1">View Product</a></div><div class="product"><a href="https://www.amazon.com/dp/B00UZE8C1A?tag=eloabder-20&linkCode=osi&th=1&psc=1"><img src="https://m.media-amazon.com/images/I/31aLnXKZxfL._SL500_.jpg" alt="Product Image"></a><p>Chemical Guys ACC_S94 Convertible Top Horse Hair Cleaning Brush, Safe for Cloth Soft Tops, Upholstery, Leather, Furniture, & More</p><p>$14.99</p><a href="https://www.amazon.com/dp/B00UZE8C1A?tag=eloabder-20&linkCode=osi&th=1&psc=1">View Product</a></div><div class="product"><a href="https://www.amazon.com/dp/B000A8JNF0?tag=eloabder-20&linkCode=osi&th=1&psc=1"><img src="https://m.media-amazon.com/images/I/51PLChiVIrL._SL500_.jpg" alt="Product Image"></a><p>303 Products Convertible Fabric Top Cleaning and Care Kit - Cleans And Protects Fabric Tops - Includes Tonneau Cover And Convertible Top Cleaner 16 fl. oz. + Fabric Guard, (30520)</p><p>$32.79 ($1.02 / Fl Oz)</p><a href="https://www.amazon.com/dp/B000A8JNF0?tag=eloabder-20&linkCode=osi&th=1&psc=1">View Product</a></div>
<div class="product"><a href="https://www.amazon.com/dp/B0BCQ1XMWV?tag=eloabder-20&linkCode=osi&th=1&psc=1"><img src="https://m.media-amazon.com/images/I/41lV6Au-S9L._SL500_.jpg" alt="Product Image"></a><p>EMITHSUN® Windshield Wiper Blades Replacement for Honda Civic Coupe 2 Door 2005-2011,That Meet OEM Quality Front Wipers Blade Set for My Car-28"+24"(Set of 2)</p><p>$19.99</p><a href="https://www.amazon.com/dp/B0BCQ1XMWV?tag=eloabder-20&linkCode=osi&th=1&psc=1">View Product</a></div>
<div class="product"><a href="https://www.amazon.com/dp/B00I8ITVZG?tag=eloabder-20&linkCode=osi&th=1&psc=1"><img src="https://m.media-amazon.com/images/I/41TXd564pcL._SL500_.jpg" alt="Product Image"></a><p>ECOGARD XC36067 Premium Cabin Air Filter Fits Hyundai Genesis 2009-2016, Equus 2011-2016 | Genesis G80 2017-2021, G90 2019-2021, GV80 2021 | Kia K900 2020</p><p>$10.98</p><a href="https://www.amazon.com/dp/B00I8ITVZG?tag=eloabder-20&linkCode=osi&th=1&psc=1">View Product</a></div>

<div class="product"><a href="https://www.amazon.com/dp/B097C3NCP1?tag=eloabder-20&linkCode=osi&th=1&psc=1"><img src="https://m.media-amazon.com/images/I/41GXST2+s6L._SL500_.jpg" alt="Product Image"></a><p>Raidbee 12 inch Rear Wiper Blade Replacement for Toyota Corolla Hatchback 2022-2019, Nissan Versa 2019-2014 Back Windshield Wiper (H306/12-B)</p><p>$6.99</p><a href="https://www.amazon.com/dp/B097C3NCP1?tag=eloabder-20&linkCode=osi&th=1&psc=1">View Product</a></div>



<div class="product"><a href="https://www.amazon.com/dp/B0CQ4MLKHJ?tag=eloabder-20&linkCode=osi&th=1&psc=1"><img src="https://m.media-amazon.com/images/I/519f8covwQL._SL500_.jpg" alt="Product Image"></a><p>Feetiger All-in-1 Fire Extinguisher for Home, Kitchen, Car, Garage, RV, Truck, Boat, Camping, Fire Spray that Tackles Multiple Types of Fire, 2pack</p><p>$39.99</p><a href="https://www.amazon.com/dp/B0CQ4MLKHJ?tag=eloabder-20&linkCode=osi&th=1&psc=1">View Product</a></div>
<div class="product"><a href="https://www.amazon.com/dp/B07TS4JV6H?tag=eloabder-20&linkCode=osi&th=1&psc=1"><img src="https://m.media-amazon.com/images/I/412htpDd6fL._SL500_.jpg" alt="Product Image"></a><p>Police Flag Air Freshener, New Car Scent, 6-Pack</p><p>$9.99 ($1.66 / Count)</p><a href="https://www.amazon.com/dp/B07TS4JV6H?tag=eloabder-20&linkCode=osi&th=1&psc=1">View Product</a></div>


<div class="product"><a href="https://www.amazon.com/dp/B009EU5ZNO?tag=eloabder-20&linkCode=osi&th=1&psc=1"><img src="https://m.media-amazon.com/images/I/515MJLZbnoL._SL500_.jpg" alt="Product Image"></a><p>J-B Weld 50133 Plastic Bonder Structural Adhesive Syringe - Tan - 25 ml</p><p>$6.98 ($8.21 / Fl Oz)</p><a href="https://www.amazon.com/dp/B009EU5ZNO?tag=eloabder-20&linkCode=osi&th=1&psc=1">View Product</a></div>



<div class="product"><a href="https://www.amazon.com/dp/B09P6YZP72?tag=eloabder-20&linkCode=osi&th=1&psc=1"><img src="https://m.media-amazon.com/images/I/416rlvu+ayL._SL500_.jpg" alt="Product Image"></a><p>AUTOBOO 26"+20" Windshield Wipers with 16" Rear Wiper Blade Replacement for Dodge Grand Caravan 2008-2012 2013 2014 2015 2016 2017 2018 2019 -Original Factory Quality (Pack of 3)</p><p>$23.99</p><a href="https://www.amazon.com/dp/B09P6YZP72?tag=eloabder-20&linkCode=osi&th=1&psc=1">View Product</a></div><div class="product"><a href="https://www.amazon.com/dp/B0BLYQBDS8?tag=eloabder-20&linkCode=osi&th=1&psc=1"><img src="https://m.media-amazon.com/images/I/51SbpSR2zBL._SL500_.jpg" alt="Product Image"></a><p>A-Premium Engine Air Filter Compatible with Chrysler Town & Country & Dodge Grand Caravan & Ram C/V & Volkswagen Routan, 2011-2020, Flexible Panel, Replace# 4861737AA</p><p>$12.99</p><a href="https://www.amazon.com/dp/B0BLYQBDS8?tag=eloabder-20&linkCode=osi&th=1&psc=1">View Product</a></div>
<div class="product"><a href="https://www.amazon.com/dp/B001FCB4JS?tag=eloabder-20&linkCode=osi&th=1&psc=1"><img src="https://m.media-amazon.com/images/I/21wq6fxqiVL._SL500_.jpg" alt="Product Image"></a><p>Dicor BT-1834-1 Butyl Seal Tape - 1/8" x 3/4" x 30' Repair Tape for RV, Trailer, Motorhome, Window, and Vent Sealing</p><p>$13.15 ($0.44 / Foot)</p><a href="https://www.amazon.com/dp/B001FCB4JS?tag=eloabder-20&linkCode=osi&th=1&psc=1">View Product</a></div>
<div class="product"><a href="https://www.amazon.com/dp/B000BUQOD6?tag=eloabder-20&linkCode=osi&th=1&psc=1"><img src="https://m.media-amazon.com/images/I/41O0CoP1L3L._SL500_.jpg" alt="Product Image"></a><p>Camco Camper/RV Toilet Paper | Sewer-Safe, Septic-Safe & Biodegradable | Designed for Camper, Trailer & Marine Sanitation Systems | 1-Ply Tissue | 4 Toilet Paper Rolls – 280 Sheets per Roll (40275)</p><p>$5.99 ($2.14 / 100 Sheets)</p><a href="https://www.amazon.com/dp/B000BUQOD6?tag=eloabder-20&linkCode=osi&th=1&psc=1">View Product</a></div><div class="product"><a href="https://www.amazon.com/dp/B007JG1W1E?tag=eloabder-20&linkCode=osi&th=1&psc=1"><img src="https://m.media-amazon.com/images/I/41i-j99E9ML._SL500_.jpg" alt="Product Image"></a><p>Camco TST Camper / RV Grey Water Odor Control - Removes Grease Buildup in Gray Water Tank, Sink & Shower Drains - 4oz Treats 40-Gal Holding Tank - Safe Septic Tank Treatment - Lemon, 64 oz (40256)</p><p>$19.94 ($0.31 / Fl Oz)</p><a href="https://www.amazon.com/dp/B007JG1W1E?tag=eloabder-20&linkCode=osi&th=1&psc=1">View Product</a></div><div class="product"><a href="https://www.amazon.com/dp/B016V2OSD0?tag=eloabder-20&linkCode=osi&th=1&psc=1"><img src="https://m.media-amazon.com/images/I/31Jm99RYVXL._SL500_.jpg" alt="Product Image"></a><p>Camco TST MAX RV Toilet Treatment Drop-INs | Control Unwanted Odors and Break Down Waste and Tissue | Septic Tank Safe | Lavender Scent | 15-pack (41559)</p><p>$11.97 ($0.80 / Count)</p><a href="https://www.amazon.com/dp/B016V2OSD0?tag=eloabder-20&linkCode=osi&th=1&psc=1">View Product</a></div>






<div class="product"><a href="https://www.amazon.com/dp/B006GJYOL0?tag=eloabder-20&linkCode=osi&th=1&psc=1"><img src="https://m.media-amazon.com/images/I/41YPjiCzDfL._SL500_.jpg" alt="Product Image"></a><p>Boat Bling HS-0128 Hot Sauce Hard Water Spot Remover, Gallon Refill, for Boats, RVs, Powersport Vehicles and More, Black,1 Gallon</p><p>$54.95 ($0.43 / Fl Oz)</p><a href="https://www.amazon.com/dp/B006GJYOL0?tag=eloabder-20&linkCode=osi&th=1&psc=1">View Product</a></div><div class="product"><a href="https://www.amazon.com/dp/B0000AXVCB?tag=eloabder-20&linkCode=osi&th=1&psc=1"><img src="https://m.media-amazon.com/images/I/51gtsDb7zDL._SL500_.jpg" alt="Product Image"></a><p>Meguiar's M4364 Marine/RV Boat Wash - 64 Oz Container</p><p>$13.99 ($0.22 / Fl Oz)</p><a href="https://www.amazon.com/dp/B0000AXVCB?tag=eloabder-20&linkCode=osi&th=1&psc=1">View Product</a></div><div class="product"><a href="https://www.amazon.com/dp/B0007TR47G?tag=eloabder-20&linkCode=osi&th=1&psc=1"><img src="https://m.media-amazon.com/images/I/41Q4SzlVojL._SL500_.jpg" alt="Product Image"></a><p>Meguiar's Flagship Premium Marine Wax, Boat Polish and Oxidation Remover - 32 Oz Bottle</p><p>$21.49</p><a href="https://www.amazon.com/dp/B0007TR47G?tag=eloabder-20&linkCode=osi&th=1&psc=1">View Product</a></div><div class="product"><a href="https://www.amazon.com/dp/B006GJYLFY?tag=eloabder-20&linkCode=osi&th=1&psc=1"><img src="https://m.media-amazon.com/images/I/31G78TSjssL._SL500_.jpg" alt="Product Image"></a><p>Boat Bling Condition Sauce Premium Interior Moisturizer w/UV Protection, 32 oz.</p><p>$27.95</p><a href="https://www.amazon.com/dp/B006GJYLFY?tag=eloabder-20&linkCode=osi&th=1&psc=1">View Product</a></div><div class="product"><a href="https://www.amazon.com/dp/B006GJYKWI?tag=eloabder-20&linkCode=osi&th=1&psc=1"><img src="https://m.media-amazon.com/images/I/41AcDanNz-L._SL500_.jpg" alt="Product Image"></a><p>Boat Bling VS-0032 Vinyl Sauce Premium Vinyl and Leather Cleaner, 32 Oz., for Boats, RVs, Powersport Vehicles and More</p><p>$22.95 ($0.72 / Fl Oz)</p><a href="https://www.amazon.com/dp/B006GJYKWI?tag=eloabder-20&linkCode=osi&th=1&psc=1">View Product</a></div>
<div class="product"><a href="https://www.amazon.com/dp/B004OJTEKK?tag=eloabder-20&linkCode=osi&th=1&psc=1"><img src="https://m.media-amazon.com/images/I/41q8kkNiKOL._SL500_.jpg" alt="Product Image"></a><p>Shurhold Yacht Brite YBP-0302 Brite Wash - 1 Gallon</p><p>$23.97 ($0.19 / Fl Oz)</p><a href="https://www.amazon.com/dp/B004OJTEKK?tag=eloabder-20&linkCode=osi&th=1&psc=1">View Product</a></div>




<div class="product"><a href="https://www.amazon.com/dp/B0B2RDZNZB?tag=eloabder-20&linkCode=osi&th=1&psc=1"><img src="https://m.media-amazon.com/images/I/51RVSUoRuGL._SL500_.jpg" alt="Product Image"></a><p>Fancemot Helicopter Car Air Fresheners Rotating Solar Car Fresheners Airplane Car Perfume (Osmanthus & Vanilla)</p><p>$14.08</p><a href="https://www.amazon.com/dp/B0B2RDZNZB?tag=eloabder-20&linkCode=osi&th=1&psc=1">View Product</a></div><div class="product"><a href="https://www.amazon.com/dp/B0994PG1ZD?tag=eloabder-20&linkCode=osi&th=1&psc=1"><img src="https://m.media-amazon.com/images/I/413er0A8cVS._SL500_.jpg" alt="Product Image"></a><p>NICEADA Car Air Freshener, Helicopter Solar Energy Rotating Aromatherapy Aviation Al Alloy Diffuser, Interior Decoration Accessories Diffuser for Car and Home (Silver)</p><p>$23.99</p><a href="https://www.amazon.com/dp/B0994PG1ZD?tag=eloabder-20&linkCode=osi&th=1&psc=1">View Product</a></div><div class="product"><a href="https://www.amazon.com/dp/B09ZTMZKSJ?tag=eloabder-20&linkCode=osi&th=1&psc=1"><img src="https://m.media-amazon.com/images/I/41rz5PydC9L._SL500_.jpg" alt="Product Image"></a><p>Air Freshener, Gigicloud Car Fragrance Diffuser Solar Rotating Automotive Air Fresheners Ornament Helicopter Shape Solid Aromatherapy Decoration for Car and Home (Black)</p><p>$15.49</p><a href="https://www.amazon.com/dp/B09ZTMZKSJ?tag=eloabder-20&linkCode=osi&th=1&psc=1">View Product</a></div><div class="product"><a href="https://www.amazon.com/dp/B0CWNNPCD3?tag=eloabder-20&linkCode=osi&th=1&psc=1"><img src="https://m.media-amazon.com/images/I/51nznnJJhfL._SL500_.jpg" alt="Product Image"></a><p>Car Air Freshener Diffuser, KaiDengZhe 1PCS Helicopter Solar Energy Rotating Aromatherapy Aviation Al Alloy Diffuser, Car Diffuser for Essential Oils, Relieve Stress and Purifie Odors for Car and Home</p><p>$15.99</p><a href="https://www.amazon.com/dp/B0CWNNPCD3?tag=eloabder-20&linkCode=osi&th=1&psc=1">View Product</a></div><div class="product"><a href="https://www.amazon.com/dp/B0B8T47G65?tag=eloabder-20&linkCode=osi&th=1&psc=1"><img src="https://m.media-amazon.com/images/I/41d6cgVheqL._SL500_.jpg" alt="Product Image"></a><p>Joyfunky Car Air Fresheners with Solar Rotating, Creative Car Perfume Decoration, Relieve Stress and Purifie Odors, Use at Car, office and Home, Silver</p><p>$12.99</p><a href="https://www.amazon.com/dp/B0B8T47G65?tag=eloabder-20&linkCode=osi&th=1&psc=1">View Product</a></div><div class="product"><a href="https://www.amazon.com/dp/B0D4ZHJVK8?tag=eloabder-20&linkCode=osi&th=1&psc=1"><img src="https://m.media-amazon.com/images/I/41sEhsjtb4L._SL500_.jpg" alt="Product Image"></a><p>NICEADA Helicopter Solar Car Air Freshener Refill Set, Solar Essential Oil Refill Perfume Oil for Car Air Fresheners(4 Packs)</p><p>$21.99 ($24.99 / Fl Oz)</p><a href="https://www.amazon.com/dp/B0D4ZHJVK8?tag=eloabder-20&linkCode=osi&th=1&psc=1">View Product</a></div><div class="product"><a href="https://www.amazon.com/dp/B0D251XW47?tag=eloabder-20&linkCode=osi&th=1&psc=1"><img src="https://m.media-amazon.com/images/I/41x6lmNq9fL._SL500_.jpg" alt="Product Image"></a><p>Helicopter Car Air Fresheners with Solar Rotating, Creative Car Perfume Decoration, Car Airplane Fragrance Diffuser for Car, Home, Office (Silver)</p><p>$13.09</p><a href="https://www.amazon.com/dp/B0D251XW47?tag=eloabder-20&linkCode=osi&th=1&psc=1">View Product</a></div>

<div class="product"><a href="https://www.amazon.com/dp/B0D4154TQG?tag=eloabder-20&linkCode=osi&th=1&psc=1"><img src="https://m.media-amazon.com/images/I/217Iw-nO3UL._SL500_.jpg" alt="Product Image"></a><p>RV Curtain Glide Tape A115, 1/2 Inch Glides Clear RV Curtain Strip Curtain Slide Tape 72 Inches Long Use with Ceiling or Wall Mount Curtain Track A201 A202 (2 Pack)</p><p>$17.99</p><a href="https://www.amazon.com/dp/B0D4154TQG?tag=eloabder-20&linkCode=osi&th=1&psc=1">View Product</a></div>
<div class="product"><a href="https://www.amazon.com/dp/B08W4PQN8L?tag=eloabder-20&linkCode=osi&th=1&psc=1"><img src="https://m.media-amazon.com/images/I/41udmrd6QTL._SL500_.jpg" alt="Product Image"></a><p>Hot Air Balloon Novelty Air Freshener for Car - Sandalwood Scented Automotive Accessory New Mexico Souvenir Gift (Pack of 4)</p><p>$7.99 ($2.00 / Count)</p><a href="https://www.amazon.com/dp/B08W4PQN8L?tag=eloabder-20&linkCode=osi&th=1&psc=1">View Product</a></div>















<div class="product"><a href="https://www.amazon.com/dp/B0CP87K2VD?tag=eloabder-20&linkCode=osi&th=1&psc=1"><img src="https://m.media-amazon.com/images/I/41dTH4OPkcL._SL500_.jpg" alt="Product Image"></a><p>For harley air cleaner filter Touring street glide road king electra tri trike Dyna Sportster XL 883 1200 Softail air intake (Drift style -Contrast Cut, C-For Touring 08-16, Softail 16-17)</p><p>$125.00</p><a href="https://www.amazon.com/dp/B0CP87K2VD?tag=eloabder-20&linkCode=osi&th=1&psc=1">View Product</a></div><div class="product"><a href="https://www.amazon.com/dp/B08DNLNY3G?tag=eloabder-20&linkCode=osi&th=1&psc=1"><img src="https://m.media-amazon.com/images/I/51baNj3o8CL._SL500_.jpg" alt="Product Image"></a><p>2963308 HD1508 Ultra Classic Air Filter Cleaner for 2008-2014 Harley Davidson Street Glide, Electra Glide, Road King, Road Glide Custom, Ultra Classic and other select models HD-1508</p><p>$21.99</p><a href="https://www.amazon.com/dp/B08DNLNY3G?tag=eloabder-20&linkCode=osi&th=1&psc=1">View Product</a></div><div class="product"><a href="https://www.amazon.com/dp/B0CQ2KKC3N?tag=eloabder-20&linkCode=osi&th=1&psc=1"><img src="https://m.media-amazon.com/images/I/31W2a0gAwIL._SL500_.jpg" alt="Product Image"></a><p>High-Flo Replacement Air Filter Element For Ventilator - Milwaukee-Eight Engine '18-later Softail and '17-later Touring and Trike Models Equipped with 114 Air Cleaner</p><p>$39.99</p><a href="https://www.amazon.com/dp/B0CQ2KKC3N?tag=eloabder-20&linkCode=osi&th=1&psc=1">View Product</a></div><div class="product"><a href="https://www.amazon.com/dp/B0CPJ5BSGM?tag=eloabder-20&linkCode=osi&th=1&psc=1"><img src="https://m.media-amazon.com/images/I/41cUadnGKpL._SL500_.jpg" alt="Product Image"></a><p>For harley air cleaner filter sportster street road glide king for harley davidson motorcycle air intake (Nake style -Black, A-For Sportster XL models)</p><p>$169.00</p><a href="https://www.amazon.com/dp/B0CPJ5BSGM?tag=eloabder-20&linkCode=osi&th=1&psc=1">View Product</a></div><div class="product"><a href="https://www.amazon.com/dp/B0CR17NS1M?tag=eloabder-20&linkCode=osi&th=1&psc=1"><img src="https://m.media-amazon.com/images/I/41n57oM0A-L._SL500_.jpg" alt="Product Image"></a><p>For harley air cleaner filter Sportster Softail Touring street road king glide Dyna for harley davidson air intake filters (Speed 7 style -gray filter, C-For Touring 08-16, Softail 16-17)</p><p>$89.00</p><a href="https://www.amazon.com/dp/B0CR17NS1M?tag=eloabder-20&linkCode=osi&th=1&psc=1">View Product</a></div><div class="product"><a href="https://www.amazon.com/dp/B0CR167HDN?tag=eloabder-20&linkCode=osi&th=1&psc=1"><img src="https://m.media-amazon.com/images/I/41o4byfzbRL._SL500_.jpg" alt="Product Image"></a><p>For harley davidson air cleaner filter sportster Touring street glide road king electra Dyna Softail motorcycle air intake (Chromed- gray filter, C-For Touring 2008-2016)</p><p>$99.00</p><a href="https://www.amazon.com/dp/B0CR167HDN?tag=eloabder-20&linkCode=osi&th=1&psc=1">View Product</a></div>







<div class="product"><a href="https://www.amazon.com/dp/B08WH8CWDM?tag=eloabder-20&linkCode=osi&th=1&psc=1"><img src="https://m.media-amazon.com/images/I/41Jj3ouB+1L._SL500_.jpg" alt="Product Image"></a><p>Glaze 'N Seal Color Enhancer Paver Sealer, 1 Gallon (923)</p><p>$62.99</p><a href="https://www.amazon.com/dp/B08WH8CWDM?tag=eloabder-20&linkCode=osi&th=1&psc=1">View Product</a></div>

<div class="product"><a href="https://www.amazon.com/dp/B0B58G8WRX?tag=eloabder-20&linkCode=osi&th=1&psc=1"><img src="https://m.media-amazon.com/images/I/41hjxJMTGJL._SL500_.jpg" alt="Product Image"></a><p>Solarhome Air Filter 333-D2696 333D2696 Compatible with JCB Backhoe Loader 3CX 4CX Telehandler 531-70</p><p>$34.50</p><a href="https://www.amazon.com/dp/B0B58G8WRX?tag=eloabder-20&linkCode=osi&th=1&psc=1">View Product</a></div>




<div class="product"><a href="https://www.amazon.com/dp/B07G7XG6BV?tag=eloabder-20&linkCode=osi&th=1&psc=1"><img src="https://m.media-amazon.com/images/I/510tZGutn6L._SL500_.jpg" alt="Product Image"></a><p>Holikme 6Pack Cleaning Brush Power Scrubber Cleaning Brush Extended Long Attachment Set All Purpose Scrub Brushes Kit for Grout, Floor, Tub, Shower, Tile, Bathroom,Car Cleaning Brush，Yellow</p><p>$6.95</p><a href="https://www.amazon.com/dp/B07G7XG6BV?tag=eloabder-20&linkCode=osi&th=1&psc=1">View Product</a></div>



<div class="product"><a href="https://www.amazon.com/dp/B000FW2NWQ?tag=eloabder-20&linkCode=osi&th=1&psc=1"><img src="https://m.media-amazon.com/images/I/31VlBDw7uDL._SL500_.jpg" alt="Product Image"></a><p>Performance Tool W233 12-Inch Long Reach Extension Scraper with 3pc Double Edged Plastic Razor Scraper Blades and 3pc Carbon Steel Razor Scraper Blades</p><p>$10.31</p><a href="https://www.amazon.com/dp/B000FW2NWQ?tag=eloabder-20&linkCode=osi&th=1&psc=1">View Product</a></div>
<div class="product"><a href="https://www.amazon.com/dp/B0BV2CQ5SW?tag=eloabder-20&linkCode=osi&th=1&psc=1"><img src="https://m.media-amazon.com/images/I/51VkTDjGg4L._SL500_.jpg" alt="Product Image"></a><p>Filterelated Mixed Bed Deionized Di Resin Filter Fill, Suitable For Spotless Car Wash System Filter Change, Tds Filter, Aquarium Filter, Deionized Car Wash,5 Liters</p><p>$49.99</p><a href="https://www.amazon.com/dp/B0BV2CQ5SW?tag=eloabder-20&linkCode=osi&th=1&psc=1">View Product</a></div><div class="product"><a href="https://www.amazon.com/dp/B01MRVQ9UE?tag=eloabder-20&linkCode=osi&th=1&psc=1"><img src="https://m.media-amazon.com/images/I/51+i6fjU6tL._SL500_.jpg" alt="Product Image"></a><p>Husqvarna XP Pre-Mixed Fuel and Engine Oil Quart (3 Pack),Blue</p><p>$32.99 ($0.34 / Count)</p><a href="https://www.amazon.com/dp/B01MRVQ9UE?tag=eloabder-20&linkCode=osi&th=1&psc=1">View Product</a></div>




<div class="product"><a href="https://www.amazon.com/dp/B01N2G2NEJ?tag=eloabder-20&linkCode=osi&th=1&psc=1"><img src="https://m.media-amazon.com/images/I/41-5g4zEDpL._SL500_.jpg" alt="Product Image"></a><p>Chemical Guys SPI10816 Heavy Duty Water Spot Remover, Safe for Cars, Trucks, Motorcycles, RVs & More, 16 fl oz</p><p>$17.97 ($1.12 / Fl Oz)</p><a href="https://www.amazon.com/dp/B01N2G2NEJ?tag=eloabder-20&linkCode=osi&th=1&psc=1">View Product</a></div>









<div class="product"><a href="https://www.amazon.com/dp/B08YRVH2QV?tag=eloabder-20&linkCode=osi&th=1&psc=1"><img src="https://m.media-amazon.com/images/I/5164O-Jr2QL._SL500_.jpg" alt="Product Image"></a><p>Thetford AquaMAX Summer Cypress Scent RV Holding Tank Treatment, Formaldehyde Free, Waste Digester, Septic Tank Safe, 5 Gallon Bottle (96754)</p><p>$248.18</p><a href="https://www.amazon.com/dp/B08YRVH2QV?tag=eloabder-20&linkCode=osi&th=1&psc=1">View Product</a></div><div class="product"><a href="https://www.amazon.com/dp/B0BPMW7485?tag=eloabder-20&linkCode=osi&th=1&psc=1"><img src="https://m.media-amazon.com/images/I/51WNuQeew7L._SL500_.jpg" alt="Product Image"></a><p>XFasten Butyl Tape Black 1/2” x 30’ x 1/8" Butyl Sealant Tape Headlight Sealant Putty Tape | Black Butyl Caulking Tape | Butyl Tape RV Putty Tape EPDM Automotive Butyl Rubber Window Sealant for RV</p><p>$13.99 ($0.47 / Foot)</p><a href="https://www.amazon.com/dp/B0BPMW7485?tag=eloabder-20&linkCode=osi&th=1&psc=1">View Product</a></div>
<div class="product"><a href="https://www.amazon.com/dp/B006DXWZQU?tag=eloabder-20&linkCode=osi&th=1&psc=1"><img src="https://m.media-amazon.com/images/I/41wtqfFFfQL._SL500_.jpg" alt="Product Image"></a><p>FRAM Ultra Synthetic Automotive Replacement Oil Filter, Designed for Synthetic Oil Changes Lasting up to 20k Miles, XG10575 with SureGrip (Pack of 1)</p><p>$10.79</p><a href="https://www.amazon.com/dp/B006DXWZQU?tag=eloabder-20&linkCode=osi&th=1&psc=1">View Product</a></div><div class="product"><a href="https://www.amazon.com/dp/B01LH7L0XA?tag=eloabder-20&linkCode=osi&th=1&psc=1"><img src="https://m.media-amazon.com/images/I/41yD3QmbyZL._SL500_.jpg" alt="Product Image"></a><p>Shell Rotella T4 Triple Protection Conventional 15W-40 Diesel Engine Oil (1-Gallon, Single Pack)</p><p>$15.98 ($0.12 / Fl Oz)</p><a href="https://www.amazon.com/dp/B01LH7L0XA?tag=eloabder-20&linkCode=osi&th=1&psc=1">View Product</a></div><div class="product"><a href="https://www.amazon.com/dp/B00ICSWGJ0?tag=eloabder-20&linkCode=osi&th=1&psc=1"><img src="https://m.media-amazon.com/images/I/41Ahz5dVc5L._SL500_.jpg" alt="Product Image"></a><p>Castrol Edge 5W-30 Advanced Full Synthetic Motor Oil, 5 Quarts</p><p>$24.72 ($0.15 / Fl Oz)</p><a href="https://www.amazon.com/dp/B00ICSWGJ0?tag=eloabder-20&linkCode=osi&th=1&psc=1">View Product</a></div><div class="product"><a href="https://www.amazon.com/dp/B01N8RPDT8?tag=eloabder-20&linkCode=osi&th=1&psc=1"><img src="https://m.media-amazon.com/images/I/41Qm+9e8sCL._SL500_.jpg" alt="Product Image"></a><p>Motorcraft - Oil - Engine (XO10W305Q3SD)</p><p>$32.27</p><a href="https://www.amazon.com/dp/B01N8RPDT8?tag=eloabder-20&linkCode=osi&th=1&psc=1">View Product</a></div>
<div class="product"><a href="https://www.amazon.com/dp/B07FTRZLM5?tag=eloabder-20&linkCode=osi&th=1&psc=1"><img src="https://m.media-amazon.com/images/I/416uoNYOsXL._SL500_.jpg" alt="Product Image"></a><p>Chemical Guys HOL126 14-Piece Arsenal Builder Car Wash Kit with Foam Gun, Bucket, and (5) 16 oz Car Care Cleaning Chemicals, Gift for Car & Truck Lovers, Dads and DIYers (Works w/Garden Hose)</p><p>$119.99</p><a href="https://www.amazon.com/dp/B07FTRZLM5?tag=eloabder-20&linkCode=osi&th=1&psc=1">View Product</a></div><div class="product"><a href="https://www.amazon.com/dp/B0741RL23Q?tag=eloabder-20&linkCode=osi&th=1&psc=1"><img src="https://m.media-amazon.com/images/I/410wwKZBYVL._SL500_.jpg" alt="Product Image"></a><p>Chemical Guys SPI220 Total Interior Cleaner and Protectant, Safe for Cars, Trucks, SUVs, Jeeps, Motorcycles, RVs & More, 128 fl oz (1 Gallon)</p><p>$54.99 ($0.43 / Fl Oz)</p><a href="https://www.amazon.com/dp/B0741RL23Q?tag=eloabder-20&linkCode=osi&th=1&psc=1">View Product</a></div><div class="product"><a href="https://www.amazon.com/dp/B002J7VX4Y?tag=eloabder-20&linkCode=osi&th=1&psc=1"><img src="https://m.media-amazon.com/images/I/41oijnffQ0L._SL500_.jpg" alt="Product Image"></a><p>Chemical Guys AIR_101_16 New Car Smell Premium Air Freshener and Odor Eliminator, Long-Lasting Scent, Great for Cars, Trucks, SUVs, RVs & More, 16 fl oz</p><p>$10.99 ($0.69 / Fl Oz)</p><a href="https://www.amazon.com/dp/B002J7VX4Y?tag=eloabder-20&linkCode=osi&th=1&psc=1">View Product</a></div><div class="product"><a href="https://www.amazon.com/dp/B077TPG55M?tag=eloabder-20&linkCode=osi&th=1&psc=1"><img src="https://m.media-amazon.com/images/I/51aYksYRthL._SL500_.jpg" alt="Product Image"></a><p>Chemical Guys CWS20264 Tough Mudder Foaming Truck, Off Road, ATV and RV Heavy Duty Wash Soap,(Works with Foam Cannons, Foam Guns or Bucket Washes), 64 fl oz (Half Gallon), Lemon Scent</p><p>$39.99 ($0.62 / Fl Oz)</p><a href="https://www.amazon.com/dp/B077TPG55M?tag=eloabder-20&linkCode=osi&th=1&psc=1">View Product</a></div><div class="product"><a href="https://www.amazon.com/dp/B00BJCAPEE?tag=eloabder-20&linkCode=osi&th=1&psc=1"><img src="https://m.media-amazon.com/images/I/416RIPKVW1L._SL500_.jpg" alt="Product Image"></a><p>Chemical Guys CWS_402 Mr. Pink Foaming Car Wash Soap (Works with Foam Cannons, Foam Guns or Bucket Washes) Safe for Cars, Trucks, Motorcycles, RVs & More, 128 fl oz, Candy Scent</p><p>$39.99 ($0.31 / Fl Oz)</p><a href="https://www.amazon.com/dp/B00BJCAPEE?tag=eloabder-20&linkCode=osi&th=1&psc=1">View Product</a></div><div class="product"><a href="https://www.amazon.com/dp/B01C6AISUK?tag=eloabder-20&linkCode=osi&th=1&psc=1"><img src="https://m.media-amazon.com/images/I/41FrDCDPB6S._SL500_.jpg" alt="Product Image"></a><p>Chemical Guys CLD_700_16 Mat Renew Rubber + Vinyl Floor Mat Cleaner And Protectant, Safe for Cars, Trucks, SUVs, Motorcycles, RVs & More, 16 fl oz</p><p>$10.99 ($0.69 / Fl Oz)</p><a href="https://www.amazon.com/dp/B01C6AISUK?tag=eloabder-20&linkCode=osi&th=1&psc=1">View Product</a></div><div class="product"><a href="https://www.amazon.com/dp/B01N76S0A7?tag=eloabder-20&linkCode=osi&th=1&psc=1"><img src="https://m.media-amazon.com/images/I/51jurhYPCgL._SL500_.jpg" alt="Product Image"></a><p>Chemical Guys HOL131 Premium Chenille Microfiber Car Wash Mop and Heavy Duty Extendable Pole Kit (Great for RVs, Trucks, SUVs, Jeeps & Large Vehicles), With Mr. Pink Foaming Car Wash Soap - 4 fl oz</p><p>$49.99</p><a href="https://www.amazon.com/dp/B01N76S0A7?tag=eloabder-20&linkCode=osi&th=1&psc=1">View Product</a></div><div class="product"><a href="https://www.amazon.com/dp/B009OTW646?tag=eloabder-20&linkCode=osi&th=1&psc=1"><img src="https://m.media-amazon.com/images/I/41lG36UqLBL._SL500_.jpg" alt="Product Image"></a><p>Chemical Guys CWS 110 Honeydew Snow Foam Car Wash Soap (Works with Foam Cannons, Guns or Bucket Washes) Safe for Trucks, Motorcycles, RVs & More, 128 fl oz (1 Gallon), Honeydew Scent</p><p>$39.99 ($0.31 / Fl Oz)</p><a href="https://www.amazon.com/dp/B009OTW646?tag=eloabder-20&linkCode=osi&th=1&psc=1">View Product</a></div><div class="product"><a href="https://www.amazon.com/dp/B08P54Z2C2?tag=eloabder-20&linkCode=osi&th=1&psc=1"><img src="https://m.media-amazon.com/images/I/41Ra65iS2OL._SL500_.jpg" alt="Product Image"></a><p>Chemical Guys WAC23316 HydroSpeed Ceramic Quick Detailer, Safe for Cars, Trucks, SUVs, Motorcycles, RVs & More, 16 fl oz</p><p>$24.99</p><a href="https://www.amazon.com/dp/B08P54Z2C2?tag=eloabder-20&linkCode=osi&th=1&psc=1">View Product</a></div>
<div class="product"><a href="https://www.amazon.com/dp/B0C7WLPQC7?tag=eloabder-20&linkCode=osi&th=1&psc=1"><img src="https://m.media-amazon.com/images/I/41hJeSxsSWL._SL500_.jpg" alt="Product Image"></a><p>Detail King Car Odor Removal - Chlorine Dioxide Cup - Extreme Odor Eliminator For Car - Safe And Easy To Use (3 Oz (Pack of 1) - Plastic)</p><p>$24.95 ($8.32 / Ounce)</p><a href="https://www.amazon.com/dp/B0C7WLPQC7?tag=eloabder-20&linkCode=osi&th=1&psc=1">View Product</a></div>

<div class="product"><a href="https://www.amazon.com/dp/B0052XFWCG?tag=eloabder-20&linkCode=osi&th=1&psc=1"><img src="https://m.media-amazon.com/images/I/41qajeJVXLL._SL500_.jpg" alt="Product Image"></a><p>Hot Shot's Secret HSS64Z Original Stiction Eliminator 64 Fluid Ounce Bottle, Green</p><p>$53.45 ($0.84 / Fl Oz)</p><a href="https://www.amazon.com/dp/B0052XFWCG?tag=eloabder-20&linkCode=osi&th=1&psc=1">View Product</a></div><div class="product"><a href="https://www.amazon.com/dp/B009M64CAW?tag=eloabder-20&linkCode=osi&th=1&psc=1"><img src="https://m.media-amazon.com/images/I/417D8X0nkBL._SL500_.jpg" alt="Product Image"></a><p>Lucas Oil 10679 Hot Rod & Classic Car SAE 10W-30 Motor Oil - 5 Quart</p><p>$38.50 ($0.24 / Fl Oz)</p><a href="https://www.amazon.com/dp/B009M64CAW?tag=eloabder-20&linkCode=osi&th=1&psc=1">View Product</a></div><div class="product"><a href="https://www.amazon.com/dp/B01L9ARY9O?tag=eloabder-20&linkCode=osi&th=1&psc=1"><img src="https://m.media-amazon.com/images/I/51yaZAYH75L._SL500_.jpg" alt="Product Image"></a><p>FPPF Chemical Co 00161 16 OZ HOT 4-in-1 Heating Oil Treatment (2 Bottles)</p><p>$26.42</p><a href="https://www.amazon.com/dp/B01L9ARY9O?tag=eloabder-20&linkCode=osi&th=1&psc=1">View Product</a></div><div class="product"><a href="https://www.amazon.com/dp/B009M64CUM?tag=eloabder-20&linkCode=osi&th=1&psc=1"><img src="https://m.media-amazon.com/images/I/41yiWaF8YQL._SL500_.jpg" alt="Product Image"></a><p>Lucas Oil 10683 Hot Rod & Classic Car SAE 10W-40 Motor Oil - 5 Quart</p><p>$43.24 ($0.27 / Fl Oz)</p><a href="https://www.amazon.com/dp/B009M64CUM?tag=eloabder-20&linkCode=osi&th=1&psc=1">View Product</a></div><div class="product"><a href="https://www.amazon.com/dp/B0973HNRH9?tag=eloabder-20&linkCode=osi&th=1&psc=1"><img src="https://m.media-amazon.com/images/I/41kyGGJa--L._SL500_.jpg" alt="Product Image"></a><p>Hot Shot's Secret FR3 Friction Reducer 64 Fluid Ounce 2 Quarts, Light Yellow Liquid, (HSSFR364Z)</p><p>$59.73 ($0.93 / Fl Oz)</p><a href="https://www.amazon.com/dp/B0973HNRH9?tag=eloabder-20&linkCode=osi&th=1&psc=1">View Product</a></div><div class="product"><a href="https://www.amazon.com/dp/B082YFQQ25?tag=eloabder-20&linkCode=osi&th=1&psc=1"><img src="https://m.media-amazon.com/images/I/511PTX7LlZL._SL500_.jpg" alt="Product Image"></a><p>Hot Shot's Secret Green Diamond 100 Percent Synthetic 15W40 Oil Diesel 1 Gallon</p><p>$39.99 ($0.31 / Fl Oz)</p><a href="https://www.amazon.com/dp/B082YFQQ25?tag=eloabder-20&linkCode=osi&th=1&psc=1">View Product</a></div>















<div class="product"><a href="https://www.amazon.com/dp/B08PTMXCJL?tag=eloabder-20&linkCode=osi&th=1&psc=1"><img src="https://m.media-amazon.com/images/I/410eJv-7UHL._SL500_.jpg" alt="Product Image"></a><p>Moly Grease | 3% Molybdenum Disulfide | Fifth Wheel | 5th | Automotive | Tractor | Axle | Spline | CV Joint | Lithium EP Grease | High Temp | 35 LB Pail Bucket | Black Moly | NLGI 2 | HeavyDuty Moly</p><p>$174.99 ($0.31 / Ounce)</p><a href="https://www.amazon.com/dp/B08PTMXCJL?tag=eloabder-20&linkCode=osi&th=1&psc=1">View Product</a></div><div class="product"><a href="https://www.amazon.com/dp/B08PTHJTK5?tag=eloabder-20&linkCode=osi&th=1&psc=1"><img src="https://m.media-amazon.com/images/I/41VdMjJ38aL._SL500_.jpg" alt="Product Image"></a><p>Wheel Bearing Grease Pail | Lithium Complex | High Temp EP | CV Joint | Axle | Automotive | Tractor | Truck | Ball Joint | Marine Boat | Gear | Heavy Duty | Blue | 35 LB Bucket | NLGI 2 | MultiPurpose</p><p>$167.99 ($0.30 / Ounce)</p><a href="https://www.amazon.com/dp/B08PTHJTK5?tag=eloabder-20&linkCode=osi&th=1&psc=1">View Product</a></div><div class="product"><a href="https://www.amazon.com/dp/B0013J1UA6?tag=eloabder-20&linkCode=osi&th=1&psc=1"><img src="https://m.media-amazon.com/images/I/41G0Fkf7KnL._SL500_.jpg" alt="Product Image"></a><p>CRC Food Grade Chain Lube 03055 – 12 Wt. Oz. Aerosol, NSF H1 Gear, Chain, and Wire Lubricant</p><p>$19.25 ($1.60 / Ounce)</p><a href="https://www.amazon.com/dp/B0013J1UA6?tag=eloabder-20&linkCode=osi&th=1&psc=1">View Product</a></div>





<div class="product"><a href="https://www.amazon.com/dp/B08GQ9G2V5?tag=eloabder-20&linkCode=osi&th=1&psc=1"><img src="https://m.media-amazon.com/images/I/511+rapOlWL._SL500_.jpg" alt="Product Image"></a><p>Armor All Car Air Freshener and Purifier, Car Odor Eliminator, 1.5 Ounce (Pack of 3)</p><p>$21.21 ($4.71 / Ounce)</p><a href="https://www.amazon.com/dp/B08GQ9G2V5?tag=eloabder-20&linkCode=osi&th=1&psc=1">View Product</a></div>







<div class="product"><a href="https://www.amazon.com/dp/B001229JCU?tag=eloabder-20&linkCode=osi&th=1&psc=1"><img src="https://m.media-amazon.com/images/I/31W6FuKPMcL._SL500_.jpg" alt="Product Image"></a><p>First Alert EZ Fire Spray, Extinguishing Aerosol Spray, AF400 Red 18 Ounce (Pack of 1)</p><p>$12.49</p><a href="https://www.amazon.com/dp/B001229JCU?tag=eloabder-20&linkCode=osi&th=1&psc=1">View Product</a></div><div class="product"><a href="https://www.amazon.com/dp/B002U0KGDY?tag=eloabder-20&linkCode=osi&th=1&psc=1"><img src="https://m.media-amazon.com/images/I/51p6R+mcRhL._SL500_.jpg" alt="Product Image"></a><p>First Alert EZ Fire Spray, Extinguishing Aerosol Spray, Pack of 2, AF400-2, RED</p><p>$27.02</p><a href="https://www.amazon.com/dp/B002U0KGDY?tag=eloabder-20&linkCode=osi&th=1&psc=1">View Product</a></div>
<div class="product"><a href="https://www.amazon.com/dp/B0088LVBUQ?tag=eloabder-20&linkCode=osi&th=1&psc=1"><img src="https://m.media-amazon.com/images/I/31h7l-l6u2L._SL500_.jpg" alt="Product Image"></a><p>Seymour EN-59 Hi-Tech Engine Spray Paint, General Motors Red</p><p>$9.08 ($0.76 / Ounce)</p><a href="https://www.amazon.com/dp/B0088LVBUQ?tag=eloabder-20&linkCode=osi&th=1&psc=1">View Product</a></div>




<div class="product"><a href="https://www.amazon.com/dp/B000HBNU9K?tag=eloabder-20&linkCode=osi&th=1&psc=1"><img src="https://m.media-amazon.com/images/I/41URzfKaVsL._SL500_.jpg" alt="Product Image"></a><p>Permatex 27828 Body Shop Heavy Duty Headliner Adhesive, High-Strength Spray Adhesive, Repair Detached Or Loose Interior Parts, Dries Clear, Aerosol Can, 16.75 Oz</p><p>$17.05 ($1.02 / Ounce)</p><a href="https://www.amazon.com/dp/B000HBNU9K?tag=eloabder-20&linkCode=osi&th=1&psc=1">View Product</a></div><div class="product"><a href="https://www.amazon.com/dp/B001VXXEXU?tag=eloabder-20&linkCode=osi&th=1&psc=1"><img src="https://m.media-amazon.com/images/I/5112onMwzaL._SL500_.jpg" alt="Product Image"></a><p>Vibra-TITE 213 Red VC-3 Original Threadmate, 250ml Can</p><p>$99.19</p><a href="https://www.amazon.com/dp/B001VXXEXU?tag=eloabder-20&linkCode=osi&th=1&psc=1">View Product</a></div><div class="product"><a href="https://www.amazon.com/dp/B0CWPSLTR1?tag=eloabder-20&linkCode=osi&th=1&psc=1"><img src="https://m.media-amazon.com/images/I/31ytleZjjaL._SL500_.jpg" alt="Product Image"></a><p>P & S PROFESSIONAL DETAIL PRODUCTS - Terminator Enzyme Spot and Stain Remover - Perfect for Deodorizing, Removing Embedded Soils, Grease, Dirt, and Protein-Based Stains; Fresh Scent (1 Quart)</p><p>$25.95 ($0.81 / Fl Oz)</p><a href="https://www.amazon.com/dp/B0CWPSLTR1?tag=eloabder-20&linkCode=osi&th=1&psc=1">View Product</a></div><div class="product"><a href="https://www.amazon.com/dp/B07GFNQL9H?tag=eloabder-20&linkCode=osi&th=1&psc=1"><img src="https://m.media-amazon.com/images/I/41AA3Nbt8OL._SL500_.jpg" alt="Product Image"></a><p>Gunk FEB1 Foamy Engine Brite Engine Cleaner - 17oz. 2 Pack</p><p>$17.95 ($0.53 / Ounce)</p><a href="https://www.amazon.com/dp/B07GFNQL9H?tag=eloabder-20&linkCode=osi&th=1&psc=1">View Product</a></div>



<div class="product"><a href="https://www.amazon.com/dp/B003SKCARK?tag=eloabder-20&linkCode=osi&th=1&psc=1"><img src="https://m.media-amazon.com/images/I/41rvU5irgRL._SL500_.jpg" alt="Product Image"></a><p>Obenauf's Heavy Duty LP Leather Preservative (4oz)- All Natural Beeswax Oil Conditioner- Rejuvenate Restore & Preserve Sunfaded or Cracked Boots Jackets Saddles Car Auto Upholstery Furniture- USA Made</p><p>$15.99</p><a href="https://www.amazon.com/dp/B003SKCARK?tag=eloabder-20&linkCode=osi&th=1&psc=1">View Product</a></div>
Aucun résultat trouvé.

<div class="product"><a href="https://www.amazon.com/dp/B0CLWDDWHX?tag=eloabder-20&linkCode=osi&th=1&psc=1"><img src="https://m.media-amazon.com/images/I/51HPMtia03L._SL500_.jpg" alt="Product Image"></a><p>Fire Fix Fire Extinguisher for Home 5-Pack | Made in USA | Emergency Fire Spray Foam for Apartment, Boat, Camping, Car, House, Kitchen & Vehicle | Safety & Survival | Compact, Small, Safe & Easy Use</p><p>$56.95</p><a href="https://www.amazon.com/dp/B0CLWDDWHX?tag=eloabder-20&linkCode=osi&th=1&psc=1">View Product</a></div><div class="product"><a href="https://www.amazon.com/dp/B0CKZF9H3D?tag=eloabder-20&linkCode=osi&th=1&psc=1"><img src="https://m.media-amazon.com/images/I/41+Q4YdByuL._SL500_.jpg" alt="Product Image"></a><p>Firexo All Fires Fire Extinguisher - Multipurpose Mini Aerosol - Pack of 6 - Home, Kitchen, Car, Garage, Boat, Caravan, Camping Household, ABC, Vehicle, Compact, RV, Emergency Equipment (0.1 Gal)</p><p>$139.99</p><a href="https://www.amazon.com/dp/B0CKZF9H3D?tag=eloabder-20&linkCode=osi&th=1&psc=1">View Product</a></div>
Aucun résultat trouvé.
Aucun résultat trouvé.






<div class="product"><a href="https://www.amazon.com/dp/B00FOKOKMU?tag=eloabder-20&linkCode=osi&th=1&psc=1"><img src="https://m.media-amazon.com/images/I/41KsUW-6WOL._SL500_.jpg" alt="Product Image"></a><p>The Original Leather Recoloring Balm by Furniture Clinic - 16 Colors - Leather Repair Kit for Furniture - Restore Couches, Car Seats & More - Leather Dye for Scratched and Faded Leather (Beige)</p><p>$29.95</p><a href="https://www.amazon.com/dp/B00FOKOKMU?tag=eloabder-20&linkCode=osi&th=1&psc=1">View Product</a></div>


<div class="product"><a href="https://www.amazon.com/dp/B0BQX6CPLS?tag=eloabder-20&linkCode=osi&th=1&psc=1"><img src="https://m.media-amazon.com/images/I/51OtuHOIJpL._SL500_.jpg" alt="Product Image"></a><p>Dry Stop Fire Spray by Prepared Hero - 8 Pack - Portable Fire Extinguisher for Home, Car, Garage, Kitchen - Works on Electrical, Grease, Battery Fires & More - Compact, Easy to Use</p><p>$143.99</p><a href="https://www.amazon.com/dp/B0BQX6CPLS?tag=eloabder-20&linkCode=osi&th=1&psc=1">View Product</a></div><div class="product"><a href="https://www.amazon.com/dp/B0BQX76B9K?tag=eloabder-20&linkCode=osi&th=1&psc=1"><img src="https://m.media-amazon.com/images/I/51iHCSuHw5L._SL500_.jpg" alt="Product Image"></a><p>Vapor Clean Fire Spray by Prepared Hero - 8 Pack - Portable Fire Extinguisher for Home, Car, Garage, Kitchen - Works on Electrical, Grease, Battery Fires & More - Compact, Easy to Use</p><p>$143.99</p><a href="https://www.amazon.com/dp/B0BQX76B9K?tag=eloabder-20&linkCode=osi&th=1&psc=1">View Product</a></div><div class="product"><a href="https://www.amazon.com/dp/B0C32NVZJZ?tag=eloabder-20&linkCode=osi&th=1&psc=1"><img src="https://m.media-amazon.com/images/I/61coxTM3mSL._SL500_.jpg" alt="Product Image"></a><p>Houandg Water-Based Fire Extinguisher- 2 Pack Portable Solution for All Fire Types in Homes, Vehicles, Kitchens - Prevents Re-Ignition</p><p>$33.98</p><a href="https://www.amazon.com/dp/B0C32NVZJZ?tag=eloabder-20&linkCode=osi&th=1&psc=1">View Product</a></div>
<div class="product"><a href="https://www.amazon.com/dp/B00L3W1OAO?tag=eloabder-20&linkCode=osi&th=1&psc=1"><img src="https://m.media-amazon.com/images/I/414uILMLuaL._SL500_.jpg" alt="Product Image"></a><p>Pro F/X Rubber Mask Grease Wheel - 1 Ounce - Trauma</p><p>$27.01</p><a href="https://www.amazon.com/dp/B00L3W1OAO?tag=eloabder-20&linkCode=osi&th=1&psc=1">View Product</a></div>
<div class="product"><a href="https://www.amazon.com/dp/B0CZ16SHCH?tag=eloabder-20&linkCode=osi&th=1&psc=1"><img src="https://m.media-amazon.com/images/I/31pYxaz4gYL._SL500_.jpg" alt="Product Image"></a><p>P & S PROFESSIONAL DETAIL PRODUCTS - Rehab - Paint Correction Creme Safe for All Paint Types and with Multiple pad Types - Easy-to-use-Formula Works at Any Stage of Paint Correction - 1 Quart</p><p>$56.95</p><a href="https://www.amazon.com/dp/B0CZ16SHCH?tag=eloabder-20&linkCode=osi&th=1&psc=1">View Product</a></div><div class="product"><a href="https://www.amazon.com/dp/B082BG8HLX?tag=eloabder-20&linkCode=osi&th=1&psc=1"><img src="https://m.media-amazon.com/images/I/31OAXbv7QFL._SL500_.jpg" alt="Product Image"></a><p>Lithium Auto Elixirs Color Crush- A rather intense approach to an Instant Detailer, Infused with color enhancing technology - Extremely Hydrophobic ingredients, long lasting Instant Detailer</p><p>$19.95 ($1.25 / Fl Oz)</p><a href="https://www.amazon.com/dp/B082BG8HLX?tag=eloabder-20&linkCode=osi&th=1&psc=1">View Product</a></div><div class="product"><a href="https://www.amazon.com/dp/B07MTPWZ76?tag=eloabder-20&linkCode=osi&th=1&psc=1"><img src="https://m.media-amazon.com/images/I/41v5yubrqoL._SL500_.jpg" alt="Product Image"></a><p>Lithium Seal and Squeal Paint Sealant/Polish - Incredible Shine and Lasting Protection - Curable Amino Functional Polymers Fused with Si02 Ceramic Nano Technology -Lasts for up to 12 Months (16 oz)</p><p>$39.99 ($2.50 / Ounce)</p><a href="https://www.amazon.com/dp/B07MTPWZ76?tag=eloabder-20&linkCode=osi&th=1&psc=1">View Product</a></div><div class="product"><a href="https://www.amazon.com/dp/B07MVNX377?tag=eloabder-20&linkCode=osi&th=1&psc=1"><img src="https://m.media-amazon.com/images/I/31gEqFf7rhL._SL500_.jpg" alt="Product Image"></a><p>Leather Love - The Best Leather Conditioner On The Planet, Brings Old Leather Back To Life, All Natural Ingredients Mixed With Serious Science, Restores, Rehydrates, Protects (8oz)</p><p>$28.99 ($3.62 / Ounce)</p><a href="https://www.amazon.com/dp/B07MVNX377?tag=eloabder-20&linkCode=osi&th=1&psc=1">View Product</a></div><div class="product"><a href="https://www.amazon.com/dp/B07MTQP514?tag=eloabder-20&linkCode=osi&th=1&psc=1"><img src="https://m.media-amazon.com/images/I/311IYwH-oaL._SL500_.jpg" alt="Product Image"></a><p>Trim Serum- Plastic Restorer- Restores Even the Most Damaged Plastic, Rubber and Vinyl, Last For Months, Penetrates Plastic Pores Restoring Color. (16 Oz)</p><p>$36.99</p><a href="https://www.amazon.com/dp/B07MTQP514?tag=eloabder-20&linkCode=osi&th=1&psc=1">View Product</a></div><div class="product"><a href="https://www.amazon.com/dp/B07236X7TS?tag=eloabder-20&linkCode=osi&th=1&psc=1"><img src="https://m.media-amazon.com/images/I/51-mgxYD9kL._SL500_.jpg" alt="Product Image"></a><p>Skidmore's Biker Edition Leather Cream | All Natural Formula Cleans, Conditions, and Protects your Motorcycle | Made in USA</p><p>$44.98</p><a href="https://www.amazon.com/dp/B07236X7TS?tag=eloabder-20&linkCode=osi&th=1&psc=1">View Product</a></div><div class="product"><a href="https://www.amazon.com/dp/B001CS6HH4?tag=eloabder-20&linkCode=osi&th=1&psc=1"><img src="https://m.media-amazon.com/images/I/41wY0SB+DWL._SL500_.jpg" alt="Product Image"></a><p>Fiebing's Yellow Saddle Soap for Leather (3.5 oz Tin) - Leather Cleaner & Conditioner to Soften, Protect & Restore Leathercraft - Leather Soap for Car Seat, Couch, Shoe, Purse, Boot, Bag, & Saddles</p><p>$7.15 ($2.04 / Ounce)</p><a href="https://www.amazon.com/dp/B001CS6HH4?tag=eloabder-20&linkCode=osi&th=1&psc=1">View Product</a></div><div class="product"><a href="https://www.amazon.com/dp/B08RHZ1BKD?tag=eloabder-20&linkCode=osi&th=1&psc=1"><img src="https://m.media-amazon.com/images/I/21WKh31c4tL._SL500_.jpg" alt="Product Image"></a><p>Lithium Ignite After Wash - Conditions and Shines Surfaces as You Dry. Streak-Free Hydrophobic Formula adds Lubrication to Stop Micro Scratching While Surfaces pop with Color.</p><p>$21.99 ($1.37 / Fl Oz)</p><a href="https://www.amazon.com/dp/B08RHZ1BKD?tag=eloabder-20&linkCode=osi&th=1&psc=1">View Product</a></div><div class="product"><a href="https://www.amazon.com/dp/B0003A1T3E?tag=eloabder-20&linkCode=osi&th=1&psc=1"><img src="https://m.media-amazon.com/images/I/41042PKJ1ZL._SL500_.jpg" alt="Product Image"></a><p>URAD One step All-In-One Leather conditioner 140g - NEUTRAL</p><p>$16.13</p><a href="https://www.amazon.com/dp/B0003A1T3E?tag=eloabder-20&linkCode=osi&th=1&psc=1">View Product</a></div>

<div class="product"><a href="https://www.amazon.com/dp/B0B3NFH3QY?tag=eloabder-20&linkCode=osi&th=1&psc=1"><img src="https://m.media-amazon.com/images/I/51sKVZnP-WL._SL500_.jpg" alt="Product Image"></a><p>Little Joe 96427-6PK I Love Hockey New Car Scent Red Car Air Freshener A/C Vent Clip Uses Alcohol-Free Fragrance Oil is Non-Hazardous and Non-Toxic Plastic, Pack of 6</p><p>$21.99 ($3.66 / Count)</p><a href="https://www.amazon.com/dp/B0B3NFH3QY?tag=eloabder-20&linkCode=osi&th=1&psc=1">View Product</a></div><div class="product"><a href="https://www.amazon.com/dp/B072275K82?tag=eloabder-20&linkCode=osi&th=1&psc=1"><img src="https://m.media-amazon.com/images/I/41wDnF6SiAL._SL500_.jpg" alt="Product Image"></a><p>Little Joe 96404-6PK Fruit Scent, Car Air Freshener, Clips to A/C Air Vent, Alcohol-Free Fragrance Oil, Non-Hazardous and Non-Toxic Plastic, Set of 6</p><p>$16.60 ($2.77 / Count)</p><a href="https://www.amazon.com/dp/B072275K82?tag=eloabder-20&linkCode=osi&th=1&psc=1">View Product</a></div><div class="product"><a href="https://www.amazon.com/dp/B0CQPQ2S4W?tag=eloabder-20&linkCode=osi&th=1&psc=1"><img src="https://m.media-amazon.com/images/I/31iRknmvjeL._SL500_.jpg" alt="Product Image"></a><p>Little Pup 96613 Blue Raspberry Slushy Scent Car Air Freshener A/C Vent Clip Uses Alcohol-Free Fragrance Oil is Non Hazardous and Non Toxic, Pack of 1</p><p>$3.94</p><a href="https://www.amazon.com/dp/B0CQPQ2S4W?tag=eloabder-20&linkCode=osi&th=1&psc=1">View Product</a></div><div class="product"><a href="https://www.amazon.com/dp/B0CQPNMTM4?tag=eloabder-20&linkCode=osi&th=1&psc=1"><img src="https://m.media-amazon.com/images/I/41eEovL+zML._SL500_.jpg" alt="Product Image"></a><p>Little Joe 96414-6PK Orange Creamsicle Scent Car Air Freshener A/C Vent Clip Uses Alcohol-Free Fragrance Oil is Non-Hazardous and Non-Toxic Plastic, Pack of 6</p><p>$25.99 ($4.33 / Count)</p><a href="https://www.amazon.com/dp/B0CQPNMTM4?tag=eloabder-20&linkCode=osi&th=1&psc=1">View Product</a></div><div class="product"><a href="https://www.amazon.com/dp/B0CH9KNNZN?tag=eloabder-20&linkCode=osi&th=1&psc=1"><img src="https://m.media-amazon.com/images/I/41jX66PGMTL._SL500_.jpg" alt="Product Image"></a><p>TAKAVU Clay Bars Auto Detailing 2 Pack X 100g, Premium Grade Material, Magic Clay Bar Cleaner for Cars, RV, Boat and Bus (Grey)</p><p>$9.99</p><a href="https://www.amazon.com/dp/B0CH9KNNZN?tag=eloabder-20&linkCode=osi&th=1&psc=1">View Product</a></div>

<div class="product"><a href="https://www.amazon.com/dp/B004UM6DLE?tag=eloabder-20&linkCode=osi&th=1&psc=1"><img src="https://m.media-amazon.com/images/I/314nawyx6sL._SL500_.jpg" alt="Product Image"></a><p>CARPRO IronX Iron Remover: Stops Rust Spots and Pre-Mature Failure of The Clear Coat, Iron Contaminant Removal - 500mL with Sprayer (17oz)</p><p>$26.78</p><a href="https://www.amazon.com/dp/B004UM6DLE?tag=eloabder-20&linkCode=osi&th=1&psc=1">View Product</a></div><div class="product"><a href="https://www.amazon.com/dp/B01HXZXO98?tag=eloabder-20&linkCode=osi&th=1&psc=1"><img src="https://m.media-amazon.com/images/I/41Ne9OfQGzL._SL500_.jpg" alt="Product Image"></a><p>Chemical Guys CWS80316 Clean Slate Deep Surface Cleaning Car Wash Soap (Removes Old Car Waxes, Glazes & Sealants for Superior Surface Prep), 16 fl oz, Citrus Scent</p><p>$11.99 ($0.75 / Fl Oz)</p><a href="https://www.amazon.com/dp/B01HXZXO98?tag=eloabder-20&linkCode=osi&th=1&psc=1">View Product</a></div><div class="product"><a href="https://www.amazon.com/dp/B07C39H9YX?tag=eloabder-20&linkCode=osi&th=1&psc=1"><img src="https://m.media-amazon.com/images/I/31yK3Vb5xWL._SL500_.jpg" alt="Product Image"></a><p>Adam's Polishes Iron Remover (16oz) - Iron Out Fallout Rust Remover Spray for Car Detailing | Remove Iron Particles in Car Paint, Motorcycle, RV & Boat | Use Before Clay Bar, Car Wax or Car Wash</p><p>$16.99</p><a href="https://www.amazon.com/dp/B07C39H9YX?tag=eloabder-20&linkCode=osi&th=1&psc=1">View Product</a></div><div class="product"><a href="https://www.amazon.com/dp/B0BTJ9DJM5?tag=eloabder-20&linkCode=osi&th=1&psc=1"><img src="https://m.media-amazon.com/images/I/41tNMqlDrxL._SL500_.jpg" alt="Product Image"></a><p>Torque Detail Decon Wash Pack - Decontamination Soap 8oz + Wash Mitt - Surface Strip Wash Car Shampoo - Highly Absorbent Microfiber Chenille Car Wash Mitt Safely Cleans Your Vehicles Entire Surface</p><p>$24.95 ($3.12 / Fl Oz)</p><a href="https://www.amazon.com/dp/B0BTJ9DJM5?tag=eloabder-20&linkCode=osi&th=1&psc=1">View Product</a></div><div class="product"><a href="https://www.amazon.com/dp/B013K5V9PQ?tag=eloabder-20&linkCode=osi&th=1&psc=1"><img src="https://m.media-amazon.com/images/I/41V3rm6NlZL._SL500_.jpg" alt="Product Image"></a><p>CARPRO PolyShave Decon Towel - Car Detailing Clay Decontamination Faster than Clay Bar, Clean & Release of Paint Contaminants and Glass - Increase Wax and Sealant Bond - 12" x 12" (1 Pack)</p><p>$39.97</p><a href="https://www.amazon.com/dp/B013K5V9PQ?tag=eloabder-20&linkCode=osi&th=1&psc=1">View Product</a></div><div class="product"><a href="https://www.amazon.com/dp/B0B788NBWG?tag=eloabder-20&linkCode=osi&th=1&psc=1"><img src="https://m.media-amazon.com/images/I/51NDfAOuEmL._SL500_.jpg" alt="Product Image"></a><p>P & S Professional Detail Products - Clay Decontamination Towel - Effective Cleaning & Release of Paint Contaminants; Increase Wax & Sealant Bond; Enhance Gloss & Depth of Color; Fine Grade-12" x 12"</p><p>$34.95</p><a href="https://www.amazon.com/dp/B0B788NBWG?tag=eloabder-20&linkCode=osi&th=1&psc=1">View Product</a></div><div class="product"><a href="https://www.amazon.com/dp/B0B27TFK69?tag=eloabder-20&linkCode=osi&th=1&psc=1"><img src="https://m.media-amazon.com/images/I/41zJPQIcqeL._SL500_.jpg" alt="Product Image"></a><p>The Rag Company - Ultra Clay Decontamination Mitt - Easy to Use; Effective Cleaning & Release of Paint Contaminants; Increase Wax & Sealant Bond; Enhance Gloss &Color Depth; Fine Grade (8.7"x5.7")</p><p>$34.95</p><a href="https://www.amazon.com/dp/B0B27TFK69?tag=eloabder-20&linkCode=osi&th=1&psc=1">View Product</a></div><div class="product"><a href="https://www.amazon.com/dp/B0C6XBN14N?tag=eloabder-20&linkCode=osi&th=1&psc=1"><img src="https://m.media-amazon.com/images/I/31BSavOJ89L._SL500_.jpg" alt="Product Image"></a><p>3D Iron Remover GLW Series | DIY Car Detailing | Hyper Effective Wheel Decontamination | Removes Iron Particles, Dirt, Brake Dust | Rapid Results | Ultimate Iron & Surface Contaminate Eliminator, 16oz</p><p>$17.99</p><a href="https://www.amazon.com/dp/B0C6XBN14N?tag=eloabder-20&linkCode=osi&th=1&psc=1">View Product</a></div>







<div class="product"><a href="https://www.amazon.com/dp/B0D2SPCW3G?tag=eloabder-20&linkCode=osi&th=1&psc=1"><img src="https://m.media-amazon.com/images/I/41JYIg6xqqL._SL500_.jpg" alt="Product Image"></a><p>Crankcase Ventilation Oil Separator with Gasket Compatible for 2008-2014 Volvo Mack D13 D16 MP8 Engine Replace 21122541 20499419</p><p>$155.99</p><a href="https://www.amazon.com/dp/B0D2SPCW3G?tag=eloabder-20&linkCode=osi&th=1&psc=1">View Product</a></div>

<div class="product"><a href="https://www.amazon.com/dp/B0C6M2FHGX?tag=eloabder-20&linkCode=osi&th=1&psc=1"><img src="https://m.media-amazon.com/images/I/21wWRrpHdbL._SL500_.jpg" alt="Product Image"></a><p>eMagTech 9PCS Warning Sign Please No Smoking Vaping Food Drink Stickers 110x50mm Self-Adhesive Vinyl Window Decal for Car Taxis Buses Minibuses</p><p>$9.49</p><a href="https://www.amazon.com/dp/B0C6M2FHGX?tag=eloabder-20&linkCode=osi&th=1&psc=1">View Product</a></div>

Aucun résultat trouvé.

<div class="product"><a href="https://www.amazon.com/dp/B0CVWZZMRY?tag=eloabder-20&linkCode=osi&th=1&psc=1"><img src="https://m.media-amazon.com/images/I/512y-1GwQNL._SL500_.jpg" alt="Product Image"></a><p>Jewkot 4 PCS Car Wiper Strip, 28" Boneless Structure Car Windshield Cleaning Wiper Strip, DIY Length Auxiliary Cleaning Replacement Accessory, Suitable for Most Cars, Vans, Trucks, Buses (Black)</p><p>$5.58</p><a href="https://www.amazon.com/dp/B0CVWZZMRY?tag=eloabder-20&linkCode=osi&th=1&psc=1">View Product</a></div>
<div class="product"><a href="https://www.amazon.com/dp/B07L3VQC6W?tag=eloabder-20&linkCode=osi&th=1&psc=1"><img src="https://m.media-amazon.com/images/I/41GebP+2HYL._SL500_.jpg" alt="Product Image"></a><p>BRISA VW Collection Volkswagen Air Freshener, Room Freshener, Deodorizer for Cars T1 Bus Campervan Motif (Citrus/Yellow/Set of 2)</p><p>$13.90 ($6.95 / Count)</p><a href="https://www.amazon.com/dp/B07L3VQC6W?tag=eloabder-20&linkCode=osi&th=1&psc=1">View Product</a></div><div class="product"><a href="https://www.amazon.com/dp/B07L3V86JS?tag=eloabder-20&linkCode=osi&th=1&psc=1"><img src="https://m.media-amazon.com/images/I/41TblWhKhQL._SL500_.jpg" alt="Product Image"></a><p>BRISA VW Collection Volkswagen Air Freshener, Room Freshener, Deodorizer for Cars T1 Bus Campervan Motif (New Car/Green/Set of 2)</p><p>$13.90 ($6.95 / Count)</p><a href="https://www.amazon.com/dp/B07L3V86JS?tag=eloabder-20&linkCode=osi&th=1&psc=1">View Product</a></div>


Aucun résultat trouvé.










<div class="product"><a href="https://www.amazon.com/dp/B099HL5SV2?tag=eloabder-20&linkCode=osi&th=1&psc=1"><img src="https://m.media-amazon.com/images/I/31kcR8HnylL._SL500_.jpg" alt="Product Image"></a><p>Philips GoPure GP5212 High Performance HEPA Air Purifier for Car, Removes up to 100 Pollutants, Exhaust Fumes, VOCs, Smoke, Bad Odors, Bacteria and Viruses</p><p>$77.59</p><a href="https://www.amazon.com/dp/B099HL5SV2?tag=eloabder-20&linkCode=osi&th=1&psc=1">View Product</a></div><div class="product"><a href="https://www.amazon.com/dp/B07TB419F7?tag=eloabder-20&linkCode=osi&th=1&psc=1"><img src="https://m.media-amazon.com/images/I/41l9XK-u-eL._SL500_.jpg" alt="Product Image"></a><p>Enoch Ionic Car Air Purifier with Dual USB Car Charger. Car Air Freshener Eliminates Odor, Dust. Removes Smoke, Pet and Food Odor. Ionic Ozone Car Deodorizer (Matt Black)</p><p>$24.50</p><a href="https://www.amazon.com/dp/B07TB419F7?tag=eloabder-20&linkCode=osi&th=1&psc=1">View Product</a></div><div class="product"><a href="https://www.amazon.com/dp/B08C9LKKMM?tag=eloabder-20&linkCode=osi&th=1&psc=1"><img src="https://m.media-amazon.com/images/I/41uJDRzxfrL._SL500_.jpg" alt="Product Image"></a><p>4WDKING Car Air Purifier Ionizer, 12V Plug-in Car Air Freshener Gadgets with Dual USB Charger Removes Cigarette Smoke, Pet and Food Odor, Ionic Ozone (Black)</p><p>$22.99</p><a href="https://www.amazon.com/dp/B08C9LKKMM?tag=eloabder-20&linkCode=osi&th=1&psc=1">View Product</a></div><div class="product"><a href="https://www.amazon.com/dp/B07C7D366L?tag=eloabder-20&linkCode=osi&th=1&psc=1"><img src="https://m.media-amazon.com/images/I/51GvjMcOskL._SL500_.jpg" alt="Product Image"></a><p>Car Air Purifier Ionizer - 12V Plug-in Ionic Anti-Microbial Car Deodorizer with Dual USB Charger - Smoke Smell, Pet and Food Odors, Allergens, Viruses Eliminator for Car (Matte Silver)</p><p>$24.99</p><a href="https://www.amazon.com/dp/B07C7D366L?tag=eloabder-20&linkCode=osi&th=1&psc=1">View Product</a></div><div class="product"><a href="https://www.amazon.com/dp/B086H3FW7T?tag=eloabder-20&linkCode=osi&th=1&psc=1"><img src="https://m.media-amazon.com/images/I/51FfQTz4koL._SL500_.jpg" alt="Product Image"></a><p>bmbu 1000g Large Bamboo Charcoal Air Purifier Bag - Car Deodorizer/Car Freshener - Remove Odor and Control Moisture in Your RV, Camper, SUV, Car, Truck, Closet, Mobile Home, Storage - Non Fragrant</p><p>$22.99 ($0.65 / Ounce)</p><a href="https://www.amazon.com/dp/B086H3FW7T?tag=eloabder-20&linkCode=osi&th=1&psc=1">View Product</a></div><div class="product"><a href="https://www.amazon.com/dp/B019NXUJ5K?tag=eloabder-20&linkCode=osi&th=1&psc=1"><img src="https://m.media-amazon.com/images/I/31grLw6pdUL._SL500_.jpg" alt="Product Image"></a><p>PURGGO Car Air Freshener - Lasts 365+ Days No Chemicals 100% Activated Bamboo Charcoal Fragrance-Free Deodorizer, Natural Auto Odor Eliminator, Purifier, Neutralizer, Absorb Smoke Smell</p><p>$25.99</p><a href="https://www.amazon.com/dp/B019NXUJ5K?tag=eloabder-20&linkCode=osi&th=1&psc=1">View Product</a></div><div class="product"><a href="https://www.amazon.com/dp/B0CT5TBKH5?tag=eloabder-20&linkCode=osi&th=1&psc=1"><img src="https://m.media-amazon.com/images/I/41UB7n6FuwL._SL500_.jpg" alt="Product Image"></a><p>Timgle 1 Pack Car Air Freshener, Lasts 365+ Days, No Chemicals 100% Activated Bamboo Charcoal Fragrance, Free Deodorizer, Natural Auto Odor Eliminator, Purifier, Neutralizer (Khaki Strap)</p><p>$10.99</p><a href="https://www.amazon.com/dp/B0CT5TBKH5?tag=eloabder-20&linkCode=osi&th=1&psc=1">View Product</a></div><div class="product"><a href="https://www.amazon.com/dp/B00V4049K2?tag=eloabder-20&linkCode=osi&th=1&psc=1"><img src="https://m.media-amazon.com/images/I/51rLLMGOc6L._SL500_.jpg" alt="Product Image"></a><p>PURGGO Car Air Freshener - Auto Odor Eliminator - 100% Activated Bamboo Charcoal Air Purifier, Ionizer - Absorb and Remove Smoke Smell - Fragrance-Free Deodorizer - Lasts 365+ Days [Classic Beige]</p><p>$25.99</p><a href="https://www.amazon.com/dp/B00V4049K2?tag=eloabder-20&linkCode=osi&th=1&psc=1">View Product</a></div>








<div class="product"><a href="https://www.amazon.com/dp/B00RYGK12K?tag=eloabder-20&linkCode=osi&th=1&psc=1"><img src="https://m.media-amazon.com/images/I/51RdEyCkvuL._SL500_.jpg" alt="Product Image"></a><p>Little Trees Cardboard Hanging Car, Home & Office Air Freshener, Summer Linen (Pack of 12)</p><p>$11.82 ($0.98 / Count)</p><a href="https://www.amazon.com/dp/B00RYGK12K?tag=eloabder-20&linkCode=osi&th=1&psc=1">View Product</a></div><div class="product"><a href="https://www.amazon.com/dp/B00LM54ZD0?tag=eloabder-20&linkCode=osi&th=1&psc=1"><img src="https://m.media-amazon.com/images/I/41YuRNweefL._SL500_.jpg" alt="Product Image"></a><p>LITTLE TREES Air Fresheners Car Air Freshener. Hanging Tree Provides Long Lasting Scent for Auto or Home. Black Ice, 24 Air Fresheners</p><p>$20.19 ($0.84 / Count)</p><a href="https://www.amazon.com/dp/B00LM54ZD0?tag=eloabder-20&linkCode=osi&th=1&psc=1">View Product</a></div><div class="product"><a href="https://www.amazon.com/dp/B09BB4V1Y8?tag=eloabder-20&linkCode=osi&th=1&psc=1"><img src="https://m.media-amazon.com/images/I/51AKMdDLO-L._SL500_.jpg" alt="Product Image"></a><p>DRIVEJOY Car Air Freshener Vent Clips, 8 PK, 6 Ocean, 2 New Car Scent, Car Fresheners for Men Women, Up to 240 Days, Long Lasting Air Freshener for Car, Odor Eliminator</p><p>$9.98 ($9.60 / Fl Oz)</p><a href="https://www.amazon.com/dp/B09BB4V1Y8?tag=eloabder-20&linkCode=osi&th=1&psc=1">View Product</a></div><div class="product"><a href="https://www.amazon.com/dp/B078JWRLYT?tag=eloabder-20&linkCode=osi&th=1&psc=1"><img src="https://m.media-amazon.com/images/I/41shbIl-LEL._SL500_.jpg" alt="Product Image"></a><p>California Scents Air Freshener 4-Pack Car Air Freshener (Coronado Cherry)</p><p>$12.88 ($2.15 / Ounce)</p><a href="https://www.amazon.com/dp/B078JWRLYT?tag=eloabder-20&linkCode=osi&th=1&psc=1">View Product</a></div><div class="product"><a href="https://www.amazon.com/dp/B0CW4CJWW9?tag=eloabder-20&linkCode=osi&th=1&psc=1"><img src="https://m.media-amazon.com/images/I/417lKQ0MXPL._SL500_.jpg" alt="Product Image"></a><p>Karma, Essential Oil Air Freshener for Cars Set of 2, Home & Office - Colorful Decorative Hanging Air Freshener with Tassel, Buttercup Vanilla Scented</p><p>$8.40 ($4.20 / Count)</p><a href="https://www.amazon.com/dp/B0CW4CJWW9?tag=eloabder-20&linkCode=osi&th=1&psc=1">View Product</a></div><div class="product"><a href="https://www.amazon.com/dp/B00AYCXL2I?tag=eloabder-20&linkCode=osi&th=1&psc=1"><img src="https://m.media-amazon.com/images/I/5165h10nKbL._SL500_.jpg" alt="Product Image"></a><p>Febreze Car Air Fresheners, New Car Scent, Odor Eliminator for Strong Odors Car Vent Clips (2 Count)</p><p>$9.98 ($4.99 / Count)</p><a href="https://www.amazon.com/dp/B00AYCXL2I?tag=eloabder-20&linkCode=osi&th=1&psc=1">View Product</a></div><div class="product"><a href="https://www.amazon.com/dp/B01LZ0N1MJ?tag=eloabder-20&linkCode=osi&th=1&psc=1"><img src="https://m.media-amazon.com/images/I/41J5LJGof9L._SL500_.jpg" alt="Product Image"></a><p>LITTLE TREES Car Air Freshener | Hanging Paper Tree for Home or Car | New Car Scent | 12 Pack</p><p>$11.70 ($0.98 / Count)</p><a href="https://www.amazon.com/dp/B01LZ0N1MJ?tag=eloabder-20&linkCode=osi&th=1&psc=1">View Product</a></div><div class="product"><a href="https://www.amazon.com/dp/B0C2Q2VGPZ?tag=eloabder-20&linkCode=osi&th=1&psc=1"><img src="https://m.media-amazon.com/images/I/413gckSL1EL._SL500_.jpg" alt="Product Image"></a><p>Savage Disposable Card Freshener for Men | Car Scents Air Freshener with Sauvage Fragrance | Strong Car Perfume Air Freshener with Odour Eliminating Technology | Suvage by Perfa</p><p>$6.99</p><a href="https://www.amazon.com/dp/B0C2Q2VGPZ?tag=eloabder-20&linkCode=osi&th=1&psc=1">View Product</a></div>




<div class="product"><a href="https://www.amazon.com/dp/B06WVL7YSG?tag=eloabder-20&linkCode=osi&th=1&psc=1"><img src="https://m.media-amazon.com/images/I/51fO0NuM6nL._SL500_.jpg" alt="Product Image"></a><p>Meguiar's Quik Scratch Eraser Kit, Car Scratch Remover for Repairing Surface Blemishes, Car Care Kit with ScratchX, Drill-Mounted Pad, and Microfiber Towel, 3 Count</p><p>$17.97</p><a href="https://www.amazon.com/dp/B06WVL7YSG?tag=eloabder-20&linkCode=osi&th=1&psc=1">View Product</a></div><div class="product"><a href="https://www.amazon.com/dp/B00P67GSRG?tag=eloabder-20&linkCode=osi&th=1&psc=1"><img src="https://m.media-amazon.com/images/I/41R-vt8tcnL._SL500_.jpg" alt="Product Image"></a><p>Chemical Guys GAP_VKIT_16 V Line Polish and Compound Kit For Light to Heavy Swirls & Scratches (Safe for Cars, Trucks, SUVs, RVs, Motorcycles, & More) 4 - 16 fl oz Items</p><p>$69.99</p><a href="https://www.amazon.com/dp/B00P67GSRG?tag=eloabder-20&linkCode=osi&th=1&psc=1">View Product</a></div>
<div class="product"><a href="https://www.amazon.com/dp/B0BQ1CPLSQ?tag=eloabder-20&linkCode=osi&th=1&psc=1"><img src="https://m.media-amazon.com/images/I/41ikSNNgp5L._SL500_.jpg" alt="Product Image"></a><p>PROPER DETAILING CO. Car Detailing Kit Interior Cleaner, Get Professional Results - Car Interior Cleaning Kit includes 16 oz. interior cleaner, premium boars hair detail brush, and 2 microfiber towels</p><p>$23.99</p><a href="https://www.amazon.com/dp/B0BQ1CPLSQ?tag=eloabder-20&linkCode=osi&th=1&psc=1">View Product</a></div>






<div class="product"><a href="https://www.amazon.com/dp/B004VG6SWS?tag=eloabder-20&linkCode=osi&th=1&psc=1"><img src="https://m.media-amazon.com/images/I/31M54KTIo2L._SL500_.jpg" alt="Product Image"></a><p>3M Scotchgard Clear Paint Protection Bulk Film Roll 12-by-72-inches</p><p>$38.00</p><a href="https://www.amazon.com/dp/B004VG6SWS?tag=eloabder-20&linkCode=osi&th=1&psc=1">View Product</a></div><div class="product"><a href="https://www.amazon.com/dp/B073X7WF5J?tag=eloabder-20&linkCode=osi&th=1&psc=1"><img src="https://m.media-amazon.com/images/I/41PIPchJvFL._SL500_.jpg" alt="Product Image"></a><p>VViViD 3M Clear Paint Protection Vinyl Film 6 Inch x 25 Inch</p><p>$9.99</p><a href="https://www.amazon.com/dp/B073X7WF5J?tag=eloabder-20&linkCode=osi&th=1&psc=1">View Product</a></div>

<div class="product"><a href="https://www.amazon.com/dp/B0D464228M?tag=eloabder-20&linkCode=osi&th=1&psc=1"><img src="https://m.media-amazon.com/images/I/315VtBe9l-L._SL500_.jpg" alt="Product Image"></a><p>Drift Car Air Freshener - Wood Air Freshener - Car Odor Eliminator - Open Air Scent Starter Kit</p><p>$11.95</p><a href="https://www.amazon.com/dp/B0D464228M?tag=eloabder-20&linkCode=osi&th=1&psc=1">View Product</a></div>
<div class="product"><a href="https://www.amazon.com/dp/B071HR14SJ?tag=eloabder-20&linkCode=osi&th=1&psc=1"><img src="https://m.media-amazon.com/images/I/41crypCefDL._SL500_.jpg" alt="Product Image"></a><p>Meguiar's Gold Class Car Wash Soap, Ultra-Rich Car Wash Soap and Conditioner for Car Cleaning, Car Wash Soap to Clean and Condition in One Easy Step, 1 Gallon Car Wash Soap</p><p>$24.99 ($0.20 / Ounce)</p><a href="https://www.amazon.com/dp/B071HR14SJ?tag=eloabder-20&linkCode=osi&th=1&psc=1">View Product</a></div><div class="product"><a href="https://www.amazon.com/dp/B085R9L9Q9?tag=eloabder-20&linkCode=osi&th=1&psc=1"><img src="https://m.media-amazon.com/images/I/41tAv1FNbZL._SL500_.jpg" alt="Product Image"></a><p>Armor All Extreme Shield Protectant Spray , Interior Car Cleaner with UV Protection Against Cracking and Fading, 16 Fl Oz</p><p>$8.98 ($0.56 / Fl Oz)</p><a href="https://www.amazon.com/dp/B085R9L9Q9?tag=eloabder-20&linkCode=osi&th=1&psc=1">View Product</a></div><div class="product"><a href="https://www.amazon.com/dp/B016NA9Y4S?tag=eloabder-20&linkCode=osi&th=1&psc=1"><img src="https://m.media-amazon.com/images/I/31oz8VJFdjL._SL500_.jpg" alt="Product Image"></a><p>Rain-X 5079281-2 Latitude 2-In-1 Wiper Blades, 26 Inch Windshield Wipers (Pack Of 1), Automotive Replacement Windshield Wiper Blades With Patented Rain-X Water Repellency Formula</p><p>$17.08</p><a href="https://www.amazon.com/dp/B016NA9Y4S?tag=eloabder-20&linkCode=osi&th=1&psc=1">View Product</a></div><div class="product"><a href="https://www.amazon.com/dp/B0D2PCCJVK?tag=eloabder-20&linkCode=osi&th=1&psc=1"><img src="https://m.media-amazon.com/images/I/41BFT-c3a9L._SL500_.jpg" alt="Product Image"></a><p>HoogaLife Car Air Freshener Diffuser – Revitalize Your Drive with Hanging Air Freshener Diffuser Aromatic Bliss On The Go(VANILLA CREAM)</p><p>$12.99 ($24.06 / Fl Oz)</p><a href="https://www.amazon.com/dp/B0D2PCCJVK?tag=eloabder-20&linkCode=osi&th=1&psc=1">View Product</a></div><div class="product"><a href="https://www.amazon.com/dp/B0D17SKCLF?tag=eloabder-20&linkCode=osi&th=1&psc=1"><img src="https://m.media-amazon.com/images/I/51VjaK8JNmL._SL500_.jpg" alt="Product Image"></a><p>AIDEA Car Wash Mitt Microfiber, 1PK-Scratch-Free& Lint-Free, Premium Chenille Microfiber Wash Mitt-Green Regular Size (7.12''X10.14'')</p><p>$5.99</p><a href="https://www.amazon.com/dp/B0D17SKCLF?tag=eloabder-20&linkCode=osi&th=1&psc=1">View Product</a></div>








<div class="product"><a href="https://www.amazon.com/dp/B00UZE8D00?tag=eloabder-20&linkCode=osi&th=1&psc=1"><img src="https://m.media-amazon.com/images/I/517VVkgvgcL._SL500_.jpg" alt="Product Image"></a><p>Chemical Guys HOL_996 Convertible Top Cleaner and Protectant Kit, 16 oz, 2 Items</p><p>$29.99</p><a href="https://www.amazon.com/dp/B00UZE8D00?tag=eloabder-20&linkCode=osi&th=1&psc=1">View Product</a></div><div class="product"><a href="https://www.amazon.com/dp/B004HCS4NW?tag=eloabder-20&linkCode=osi&th=1&psc=1"><img src="https://m.media-amazon.com/images/I/41j5b6xRqNL._SL500_.jpg" alt="Product Image"></a><p>Meguiar's Convertible Top Cleaner - Fabric Convertible Top Cleaner and Vinyl Convertible Top Cleaner in One Advanced Formula - Safely Removes Stains, Mildew, Bird Droppings, and More, 16 Oz</p><p>$6.87 ($0.43 / Ounce)</p><a href="https://www.amazon.com/dp/B004HCS4NW?tag=eloabder-20&linkCode=osi&th=1&psc=1">View Product</a></div><div class="product"><a href="https://www.amazon.com/dp/B00UZE80N0?tag=eloabder-20&linkCode=osi&th=1&psc=1"><img src="https://m.media-amazon.com/images/I/31FG83SK9SL._SL500_.jpg" alt="Product Image"></a><p>Chemical Guys SPI_193_16 Convertible Top Protectant and Repellent, (Helps Prevent Fading & Discoloration on Fabric Sot Tops) 16 fl oz (Packaging May Vary)</p><p>$19.99 ($1.25 / Fl Oz)</p><a href="https://www.amazon.com/dp/B00UZE80N0?tag=eloabder-20&linkCode=osi&th=1&psc=1">View Product</a></div><div class="product"><a href="https://www.amazon.com/dp/B00UZE8C1A?tag=eloabder-20&linkCode=osi&th=1&psc=1"><img src="https://m.media-amazon.com/images/I/31aLnXKZxfL._SL500_.jpg" alt="Product Image"></a><p>Chemical Guys ACC_S94 Convertible Top Horse Hair Cleaning Brush, Safe for Cloth Soft Tops, Upholstery, Leather, Furniture, & More</p><p>$14.99</p><a href="https://www.amazon.com/dp/B00UZE8C1A?tag=eloabder-20&linkCode=osi&th=1&psc=1">View Product</a></div><div class="product"><a href="https://www.amazon.com/dp/B000A8JNF0?tag=eloabder-20&linkCode=osi&th=1&psc=1"><img src="https://m.media-amazon.com/images/I/51PLChiVIrL._SL500_.jpg" alt="Product Image"></a><p>303 Products Convertible Fabric Top Cleaning and Care Kit - Cleans And Protects Fabric Tops - Includes Tonneau Cover And Convertible Top Cleaner 16 fl. oz. + Fabric Guard, (30520)</p><p>$32.79 ($1.02 / Fl Oz)</p><a href="https://www.amazon.com/dp/B000A8JNF0?tag=eloabder-20&linkCode=osi&th=1&psc=1">View Product</a></div>
<div class="product"><a href="https://www.amazon.com/dp/B0BCQ1XMWV?tag=eloabder-20&linkCode=osi&th=1&psc=1"><img src="https://m.media-amazon.com/images/I/41lV6Au-S9L._SL500_.jpg" alt="Product Image"></a><p>EMITHSUN® Windshield Wiper Blades Replacement for Honda Civic Coupe 2 Door 2005-2011,That Meet OEM Quality Front Wipers Blade Set for My Car-28"+24"(Set of 2)</p><p>$19.99</p><a href="https://www.amazon.com/dp/B0BCQ1XMWV?tag=eloabder-20&linkCode=osi&th=1&psc=1">View Product</a></div>
<div class="product"><a href="https://www.amazon.com/dp/B00I8ITVZG?tag=eloabder-20&linkCode=osi&th=1&psc=1"><img src="https://m.media-amazon.com/images/I/41TXd564pcL._SL500_.jpg" alt="Product Image"></a><p>ECOGARD XC36067 Premium Cabin Air Filter Fits Hyundai Genesis 2009-2016, Equus 2011-2016 | Genesis G80 2017-2021, G90 2019-2021, GV80 2021 | Kia K900 2020</p><p>$10.98</p><a href="https://www.amazon.com/dp/B00I8ITVZG?tag=eloabder-20&linkCode=osi&th=1&psc=1">View Product</a></div>

<div class="product"><a href="https://www.amazon.com/dp/B097C3NCP1?tag=eloabder-20&linkCode=osi&th=1&psc=1"><img src="https://m.media-amazon.com/images/I/41GXST2+s6L._SL500_.jpg" alt="Product Image"></a><p>Raidbee 12 inch Rear Wiper Blade Replacement for Toyota Corolla Hatchback 2022-2019, Nissan Versa 2019-2014 Back Windshield Wiper (H306/12-B)</p><p>$6.99</p><a href="https://www.amazon.com/dp/B097C3NCP1?tag=eloabder-20&linkCode=osi&th=1&psc=1">View Product</a></div>



<div class="product"><a href="https://www.amazon.com/dp/B0CQ4MLKHJ?tag=eloabder-20&linkCode=osi&th=1&psc=1"><img src="https://m.media-amazon.com/images/I/519f8covwQL._SL500_.jpg" alt="Product Image"></a><p>Feetiger All-in-1 Fire Extinguisher for Home, Kitchen, Car, Garage, RV, Truck, Boat, Camping, Fire Spray that Tackles Multiple Types of Fire, 2pack</p><p>$39.99</p><a href="https://www.amazon.com/dp/B0CQ4MLKHJ?tag=eloabder-20&linkCode=osi&th=1&psc=1">View Product</a></div>
<div class="product"><a href="https://www.amazon.com/dp/B07TS4JV6H?tag=eloabder-20&linkCode=osi&th=1&psc=1"><img src="https://m.media-amazon.com/images/I/412htpDd6fL._SL500_.jpg" alt="Product Image"></a><p>Police Flag Air Freshener, New Car Scent, 6-Pack</p><p>$9.99 ($1.66 / Count)</p><a href="https://www.amazon.com/dp/B07TS4JV6H?tag=eloabder-20&linkCode=osi&th=1&psc=1">View Product</a></div>


<div class="product"><a href="https://www.amazon.com/dp/B009EU5ZNO?tag=eloabder-20&linkCode=osi&th=1&psc=1"><img src="https://m.media-amazon.com/images/I/515MJLZbnoL._SL500_.jpg" alt="Product Image"></a><p>J-B Weld 50133 Plastic Bonder Structural Adhesive Syringe - Tan - 25 ml</p><p>$6.98 ($8.21 / Fl Oz)</p><a href="https://www.amazon.com/dp/B009EU5ZNO?tag=eloabder-20&linkCode=osi&th=1&psc=1">View Product</a></div>



<div class="product"><a href="https://www.amazon.com/dp/B09P6YZP72?tag=eloabder-20&linkCode=osi&th=1&psc=1"><img src="https://m.media-amazon.com/images/I/416rlvu+ayL._SL500_.jpg" alt="Product Image"></a><p>AUTOBOO 26"+20" Windshield Wipers with 16" Rear Wiper Blade Replacement for Dodge Grand Caravan 2008-2012 2013 2014 2015 2016 2017 2018 2019 -Original Factory Quality (Pack of 3)</p><p>$23.99</p><a href="https://www.amazon.com/dp/B09P6YZP72?tag=eloabder-20&linkCode=osi&th=1&psc=1">View Product</a></div><div class="product"><a href="https://www.amazon.com/dp/B0BLYQBDS8?tag=eloabder-20&linkCode=osi&th=1&psc=1"><img src="https://m.media-amazon.com/images/I/51SbpSR2zBL._SL500_.jpg" alt="Product Image"></a><p>A-Premium Engine Air Filter Compatible with Chrysler Town & Country & Dodge Grand Caravan & Ram C/V & Volkswagen Routan, 2011-2020, Flexible Panel, Replace# 4861737AA</p><p>$12.99</p><a href="https://www.amazon.com/dp/B0BLYQBDS8?tag=eloabder-20&linkCode=osi&th=1&psc=1">View Product</a></div>
<div class="product"><a href="https://www.amazon.com/dp/B001FCB4JS?tag=eloabder-20&linkCode=osi&th=1&psc=1"><img src="https://m.media-amazon.com/images/I/21wq6fxqiVL._SL500_.jpg" alt="Product Image"></a><p>Dicor BT-1834-1 Butyl Seal Tape - 1/8" x 3/4" x 30' Repair Tape for RV, Trailer, Motorhome, Window, and Vent Sealing</p><p>$13.15 ($0.44 / Foot)</p><a href="https://www.amazon.com/dp/B001FCB4JS?tag=eloabder-20&linkCode=osi&th=1&psc=1">View Product</a></div>
<div class="product"><a href="https://www.amazon.com/dp/B000BUQOD6?tag=eloabder-20&linkCode=osi&th=1&psc=1"><img src="https://m.media-amazon.com/images/I/41O0CoP1L3L._SL500_.jpg" alt="Product Image"></a><p>Camco Camper/RV Toilet Paper | Sewer-Safe, Septic-Safe & Biodegradable | Designed for Camper, Trailer & Marine Sanitation Systems | 1-Ply Tissue | 4 Toilet Paper Rolls – 280 Sheets per Roll (40275)</p><p>$5.99 ($2.14 / 100 Sheets)</p><a href="https://www.amazon.com/dp/B000BUQOD6?tag=eloabder-20&linkCode=osi&th=1&psc=1">View Product</a></div><div class="product"><a href="https://www.amazon.com/dp/B007JG1W1E?tag=eloabder-20&linkCode=osi&th=1&psc=1"><img src="https://m.media-amazon.com/images/I/41i-j99E9ML._SL500_.jpg" alt="Product Image"></a><p>Camco TST Camper / RV Grey Water Odor Control - Removes Grease Buildup in Gray Water Tank, Sink & Shower Drains - 4oz Treats 40-Gal Holding Tank - Safe Septic Tank Treatment - Lemon, 64 oz (40256)</p><p>$19.94 ($0.31 / Fl Oz)</p><a href="https://www.amazon.com/dp/B007JG1W1E?tag=eloabder-20&linkCode=osi&th=1&psc=1">View Product</a></div><div class="product"><a href="https://www.amazon.com/dp/B016V2OSD0?tag=eloabder-20&linkCode=osi&th=1&psc=1"><img src="https://m.media-amazon.com/images/I/31Jm99RYVXL._SL500_.jpg" alt="Product Image"></a><p>Camco TST MAX RV Toilet Treatment Drop-INs | Control Unwanted Odors and Break Down Waste and Tissue | Septic Tank Safe | Lavender Scent | 15-pack (41559)</p><p>$11.97 ($0.80 / Count)</p><a href="https://www.amazon.com/dp/B016V2OSD0?tag=eloabder-20&linkCode=osi&th=1&psc=1">View Product</a></div>






<div class="product"><a href="https://www.amazon.com/dp/B006GJYOL0?tag=eloabder-20&linkCode=osi&th=1&psc=1"><img src="https://m.media-amazon.com/images/I/41YPjiCzDfL._SL500_.jpg" alt="Product Image"></a><p>Boat Bling HS-0128 Hot Sauce Hard Water Spot Remover, Gallon Refill, for Boats, RVs, Powersport Vehicles and More, Black,1 Gallon</p><p>$54.95 ($0.43 / Fl Oz)</p><a href="https://www.amazon.com/dp/B006GJYOL0?tag=eloabder-20&linkCode=osi&th=1&psc=1">View Product</a></div><div class="product"><a href="https://www.amazon.com/dp/B0000AXVCB?tag=eloabder-20&linkCode=osi&th=1&psc=1"><img src="https://m.media-amazon.com/images/I/51gtsDb7zDL._SL500_.jpg" alt="Product Image"></a><p>Meguiar's M4364 Marine/RV Boat Wash - 64 Oz Container</p><p>$13.99 ($0.22 / Fl Oz)</p><a href="https://www.amazon.com/dp/B0000AXVCB?tag=eloabder-20&linkCode=osi&th=1&psc=1">View Product</a></div><div class="product"><a href="https://www.amazon.com/dp/B0007TR47G?tag=eloabder-20&linkCode=osi&th=1&psc=1"><img src="https://m.media-amazon.com/images/I/41Q4SzlVojL._SL500_.jpg" alt="Product Image"></a><p>Meguiar's Flagship Premium Marine Wax, Boat Polish and Oxidation Remover - 32 Oz Bottle</p><p>$21.49</p><a href="https://www.amazon.com/dp/B0007TR47G?tag=eloabder-20&linkCode=osi&th=1&psc=1">View Product</a></div><div class="product"><a href="https://www.amazon.com/dp/B006GJYLFY?tag=eloabder-20&linkCode=osi&th=1&psc=1"><img src="https://m.media-amazon.com/images/I/31G78TSjssL._SL500_.jpg" alt="Product Image"></a><p>Boat Bling Condition Sauce Premium Interior Moisturizer w/UV Protection, 32 oz.</p><p>$27.95</p><a href="https://www.amazon.com/dp/B006GJYLFY?tag=eloabder-20&linkCode=osi&th=1&psc=1">View Product</a></div><div class="product"><a href="https://www.amazon.com/dp/B006GJYKWI?tag=eloabder-20&linkCode=osi&th=1&psc=1"><img src="https://m.media-amazon.com/images/I/41AcDanNz-L._SL500_.jpg" alt="Product Image"></a><p>Boat Bling VS-0032 Vinyl Sauce Premium Vinyl and Leather Cleaner, 32 Oz., for Boats, RVs, Powersport Vehicles and More</p><p>$22.95 ($0.72 / Fl Oz)</p><a href="https://www.amazon.com/dp/B006GJYKWI?tag=eloabder-20&linkCode=osi&th=1&psc=1">View Product</a></div>
<div class="product"><a href="https://www.amazon.com/dp/B004OJTEKK?tag=eloabder-20&linkCode=osi&th=1&psc=1"><img src="https://m.media-amazon.com/images/I/41q8kkNiKOL._SL500_.jpg" alt="Product Image"></a><p>Shurhold Yacht Brite YBP-0302 Brite Wash - 1 Gallon</p><p>$23.97 ($0.19 / Fl Oz)</p><a href="https://www.amazon.com/dp/B004OJTEKK?tag=eloabder-20&linkCode=osi&th=1&psc=1">View Product</a></div>




<div class="product"><a href="https://www.amazon.com/dp/B0B2RDZNZB?tag=eloabder-20&linkCode=osi&th=1&psc=1"><img src="https://m.media-amazon.com/images/I/51RVSUoRuGL._SL500_.jpg" alt="Product Image"></a><p>Fancemot Helicopter Car Air Fresheners Rotating Solar Car Fresheners Airplane Car Perfume (Osmanthus & Vanilla)</p><p>$14.08</p><a href="https://www.amazon.com/dp/B0B2RDZNZB?tag=eloabder-20&linkCode=osi&th=1&psc=1">View Product</a></div><div class="product"><a href="https://www.amazon.com/dp/B0994PG1ZD?tag=eloabder-20&linkCode=osi&th=1&psc=1"><img src="https://m.media-amazon.com/images/I/413er0A8cVS._SL500_.jpg" alt="Product Image"></a><p>NICEADA Car Air Freshener, Helicopter Solar Energy Rotating Aromatherapy Aviation Al Alloy Diffuser, Interior Decoration Accessories Diffuser for Car and Home (Silver)</p><p>$23.99</p><a href="https://www.amazon.com/dp/B0994PG1ZD?tag=eloabder-20&linkCode=osi&th=1&psc=1">View Product</a></div><div class="product"><a href="https://www.amazon.com/dp/B09ZTMZKSJ?tag=eloabder-20&linkCode=osi&th=1&psc=1"><img src="https://m.media-amazon.com/images/I/41rz5PydC9L._SL500_.jpg" alt="Product Image"></a><p>Air Freshener, Gigicloud Car Fragrance Diffuser Solar Rotating Automotive Air Fresheners Ornament Helicopter Shape Solid Aromatherapy Decoration for Car and Home (Black)</p><p>$15.49</p><a href="https://www.amazon.com/dp/B09ZTMZKSJ?tag=eloabder-20&linkCode=osi&th=1&psc=1">View Product</a></div><div class="product"><a href="https://www.amazon.com/dp/B0CWNNPCD3?tag=eloabder-20&linkCode=osi&th=1&psc=1"><img src="https://m.media-amazon.com/images/I/51nznnJJhfL._SL500_.jpg" alt="Product Image"></a><p>Car Air Freshener Diffuser, KaiDengZhe 1PCS Helicopter Solar Energy Rotating Aromatherapy Aviation Al Alloy Diffuser, Car Diffuser for Essential Oils, Relieve Stress and Purifie Odors for Car and Home</p><p>$15.99</p><a href="https://www.amazon.com/dp/B0CWNNPCD3?tag=eloabder-20&linkCode=osi&th=1&psc=1">View Product</a></div><div class="product"><a href="https://www.amazon.com/dp/B0B8T47G65?tag=eloabder-20&linkCode=osi&th=1&psc=1"><img src="https://m.media-amazon.com/images/I/41d6cgVheqL._SL500_.jpg" alt="Product Image"></a><p>Joyfunky Car Air Fresheners with Solar Rotating, Creative Car Perfume Decoration, Relieve Stress and Purifie Odors, Use at Car, office and Home, Silver</p><p>$12.99</p><a href="https://www.amazon.com/dp/B0B8T47G65?tag=eloabder-20&linkCode=osi&th=1&psc=1">View Product</a></div><div class="product"><a href="https://www.amazon.com/dp/B0D4ZHJVK8?tag=eloabder-20&linkCode=osi&th=1&psc=1"><img src="https://m.media-amazon.com/images/I/41sEhsjtb4L._SL500_.jpg" alt="Product Image"></a><p>NICEADA Helicopter Solar Car Air Freshener Refill Set, Solar Essential Oil Refill Perfume Oil for Car Air Fresheners(4 Packs)</p><p>$21.99 ($24.99 / Fl Oz)</p><a href="https://www.amazon.com/dp/B0D4ZHJVK8?tag=eloabder-20&linkCode=osi&th=1&psc=1">View Product</a></div><div class="product"><a href="https://www.amazon.com/dp/B0D251XW47?tag=eloabder-20&linkCode=osi&th=1&psc=1"><img src="https://m.media-amazon.com/images/I/41x6lmNq9fL._SL500_.jpg" alt="Product Image"></a><p>Helicopter Car Air Fresheners with Solar Rotating, Creative Car Perfume Decoration, Car Airplane Fragrance Diffuser for Car, Home, Office (Silver)</p><p>$13.09</p><a href="https://www.amazon.com/dp/B0D251XW47?tag=eloabder-20&linkCode=osi&th=1&psc=1">View Product</a></div>

<div class="product"><a href="https://www.amazon.com/dp/B0D4154TQG?tag=eloabder-20&linkCode=osi&th=1&psc=1"><img src="https://m.media-amazon.com/images/I/217Iw-nO3UL._SL500_.jpg" alt="Product Image"></a><p>RV Curtain Glide Tape A115, 1/2 Inch Glides Clear RV Curtain Strip Curtain Slide Tape 72 Inches Long Use with Ceiling or Wall Mount Curtain Track A201 A202 (2 Pack)</p><p>$17.99</p><a href="https://www.amazon.com/dp/B0D4154TQG?tag=eloabder-20&linkCode=osi&th=1&psc=1">View Product</a></div>
<div class="product"><a href="https://www.amazon.com/dp/B08W4PQN8L?tag=eloabder-20&linkCode=osi&th=1&psc=1"><img src="https://m.media-amazon.com/images/I/41udmrd6QTL._SL500_.jpg" alt="Product Image"></a><p>Hot Air Balloon Novelty Air Freshener for Car - Sandalwood Scented Automotive Accessory New Mexico Souvenir Gift (Pack of 4)</p><p>$7.99 ($2.00 / Count)</p><a href="https://www.amazon.com/dp/B08W4PQN8L?tag=eloabder-20&linkCode=osi&th=1&psc=1">View Product</a></div>















<div class="product"><a href="https://www.amazon.com/dp/B0CP87K2VD?tag=eloabder-20&linkCode=osi&th=1&psc=1"><img src="https://m.media-amazon.com/images/I/41dTH4OPkcL._SL500_.jpg" alt="Product Image"></a><p>For harley air cleaner filter Touring street glide road king electra tri trike Dyna Sportster XL 883 1200 Softail air intake (Drift style -Contrast Cut, C-For Touring 08-16, Softail 16-17)</p><p>$125.00</p><a href="https://www.amazon.com/dp/B0CP87K2VD?tag=eloabder-20&linkCode=osi&th=1&psc=1">View Product</a></div><div class="product"><a href="https://www.amazon.com/dp/B08DNLNY3G?tag=eloabder-20&linkCode=osi&th=1&psc=1"><img src="https://m.media-amazon.com/images/I/51baNj3o8CL._SL500_.jpg" alt="Product Image"></a><p>2963308 HD1508 Ultra Classic Air Filter Cleaner for 2008-2014 Harley Davidson Street Glide, Electra Glide, Road King, Road Glide Custom, Ultra Classic and other select models HD-1508</p><p>$21.99</p><a href="https://www.amazon.com/dp/B08DNLNY3G?tag=eloabder-20&linkCode=osi&th=1&psc=1">View Product</a></div><div class="product"><a href="https://www.amazon.com/dp/B0CQ2KKC3N?tag=eloabder-20&linkCode=osi&th=1&psc=1"><img src="https://m.media-amazon.com/images/I/31W2a0gAwIL._SL500_.jpg" alt="Product Image"></a><p>High-Flo Replacement Air Filter Element For Ventilator - Milwaukee-Eight Engine '18-later Softail and '17-later Touring and Trike Models Equipped with 114 Air Cleaner</p><p>$39.99</p><a href="https://www.amazon.com/dp/B0CQ2KKC3N?tag=eloabder-20&linkCode=osi&th=1&psc=1">View Product</a></div><div class="product"><a href="https://www.amazon.com/dp/B0CPJ5BSGM?tag=eloabder-20&linkCode=osi&th=1&psc=1"><img src="https://m.media-amazon.com/images/I/41cUadnGKpL._SL500_.jpg" alt="Product Image"></a><p>For harley air cleaner filter sportster street road glide king for harley davidson motorcycle air intake (Nake style -Black, A-For Sportster XL models)</p><p>$169.00</p><a href="https://www.amazon.com/dp/B0CPJ5BSGM?tag=eloabder-20&linkCode=osi&th=1&psc=1">View Product</a></div><div class="product"><a href="https://www.amazon.com/dp/B0CR17NS1M?tag=eloabder-20&linkCode=osi&th=1&psc=1"><img src="https://m.media-amazon.com/images/I/41n57oM0A-L._SL500_.jpg" alt="Product Image"></a><p>For harley air cleaner filter Sportster Softail Touring street road king glide Dyna for harley davidson air intake filters (Speed 7 style -gray filter, C-For Touring 08-16, Softail 16-17)</p><p>$89.00</p><a href="https://www.amazon.com/dp/B0CR17NS1M?tag=eloabder-20&linkCode=osi&th=1&psc=1">View Product</a></div><div class="product"><a href="https://www.amazon.com/dp/B0CR167HDN?tag=eloabder-20&linkCode=osi&th=1&psc=1"><img src="https://m.media-amazon.com/images/I/41o4byfzbRL._SL500_.jpg" alt="Product Image"></a><p>For harley davidson air cleaner filter sportster Touring street glide road king electra Dyna Softail motorcycle air intake (Chromed- gray filter, C-For Touring 2008-2016)</p><p>$99.00</p><a href="https://www.amazon.com/dp/B0CR167HDN?tag=eloabder-20&linkCode=osi&th=1&psc=1">View Product</a></div>







<div class="product"><a href="https://www.amazon.com/dp/B08WH8CWDM?tag=eloabder-20&linkCode=osi&th=1&psc=1"><img src="https://m.media-amazon.com/images/I/41Jj3ouB+1L._SL500_.jpg" alt="Product Image"></a><p>Glaze 'N Seal Color Enhancer Paver Sealer, 1 Gallon (923)</p><p>$62.99</p><a href="https://www.amazon.com/dp/B08WH8CWDM?tag=eloabder-20&linkCode=osi&th=1&psc=1">View Product</a></div>

<div class="product"><a href="https://www.amazon.com/dp/B0B58G8WRX?tag=eloabder-20&linkCode=osi&th=1&psc=1"><img src="https://m.media-amazon.com/images/I/41hjxJMTGJL._SL500_.jpg" alt="Product Image"></a><p>Solarhome Air Filter 333-D2696 333D2696 Compatible with JCB Backhoe Loader 3CX 4CX Telehandler 531-70</p><p>$34.50</p><a href="https://www.amazon.com/dp/B0B58G8WRX?tag=eloabder-20&linkCode=osi&th=1&psc=1">View Product</a></div>




<div class="product"><a href="https://www.amazon.com/dp/B07G7XG6BV?tag=eloabder-20&linkCode=osi&th=1&psc=1"><img src="https://m.media-amazon.com/images/I/510tZGutn6L._SL500_.jpg" alt="Product Image"></a><p>Holikme 6Pack Cleaning Brush Power Scrubber Cleaning Brush Extended Long Attachment Set All Purpose Scrub Brushes Kit for Grout, Floor, Tub, Shower, Tile, Bathroom,Car Cleaning Brush，Yellow</p><p>$6.95</p><a href="https://www.amazon.com/dp/B07G7XG6BV?tag=eloabder-20&linkCode=osi&th=1&psc=1">View Product</a></div>



<div class="product"><a href="https://www.amazon.com/dp/B000FW2NWQ?tag=eloabder-20&linkCode=osi&th=1&psc=1"><img src="https://m.media-amazon.com/images/I/31VlBDw7uDL._SL500_.jpg" alt="Product Image"></a><p>Performance Tool W233 12-Inch Long Reach Extension Scraper with 3pc Double Edged Plastic Razor Scraper Blades and 3pc Carbon Steel Razor Scraper Blades</p><p>$10.31</p><a href="https://www.amazon.com/dp/B000FW2NWQ?tag=eloabder-20&linkCode=osi&th=1&psc=1">View Product</a></div>
<div class="product"><a href="https://www.amazon.com/dp/B0BV2CQ5SW?tag=eloabder-20&linkCode=osi&th=1&psc=1"><img src="https://m.media-amazon.com/images/I/51VkTDjGg4L._SL500_.jpg" alt="Product Image"></a><p>Filterelated Mixed Bed Deionized Di Resin Filter Fill, Suitable For Spotless Car Wash System Filter Change, Tds Filter, Aquarium Filter, Deionized Car Wash,5 Liters</p><p>$49.99</p><a href="https://www.amazon.com/dp/B0BV2CQ5SW?tag=eloabder-20&linkCode=osi&th=1&psc=1">View Product</a></div><div class="product"><a href="https://www.amazon.com/dp/B01MRVQ9UE?tag=eloabder-20&linkCode=osi&th=1&psc=1"><img src="https://m.media-amazon.com/images/I/51+i6fjU6tL._SL500_.jpg" alt="Product Image"></a><p>Husqvarna XP Pre-Mixed Fuel and Engine Oil Quart (3 Pack),Blue</p><p>$32.99 ($0.34 / Count)</p><a href="https://www.amazon.com/dp/B01MRVQ9UE?tag=eloabder-20&linkCode=osi&th=1&psc=1">View Product</a></div>




<div class="product"><a href="https://www.amazon.com/dp/B01N2G2NEJ?tag=eloabder-20&linkCode=osi&th=1&psc=1"><img src="https://m.media-amazon.com/images/I/41-5g4zEDpL._SL500_.jpg" alt="Product Image"></a><p>Chemical Guys SPI10816 Heavy Duty Water Spot Remover, Safe for Cars, Trucks, Motorcycles, RVs & More, 16 fl oz</p><p>$17.97 ($1.12 / Fl Oz)</p><a href="https://www.amazon.com/dp/B01N2G2NEJ?tag=eloabder-20&linkCode=osi&th=1&psc=1">View Product</a></div>









<div class="product"><a href="https://www.amazon.com/dp/B08YRVH2QV?tag=eloabder-20&linkCode=osi&th=1&psc=1"><img src="https://m.media-amazon.com/images/I/5164O-Jr2QL._SL500_.jpg" alt="Product Image"></a><p>Thetford AquaMAX Summer Cypress Scent RV Holding Tank Treatment, Formaldehyde Free, Waste Digester, Septic Tank Safe, 5 Gallon Bottle (96754)</p><p>$248.18</p><a href="https://www.amazon.com/dp/B08YRVH2QV?tag=eloabder-20&linkCode=osi&th=1&psc=1">View Product</a></div><div class="product"><a href="https://www.amazon.com/dp/B0BPMW7485?tag=eloabder-20&linkCode=osi&th=1&psc=1"><img src="https://m.media-amazon.com/images/I/51WNuQeew7L._SL500_.jpg" alt="Product Image"></a><p>XFasten Butyl Tape Black 1/2” x 30’ x 1/8" Butyl Sealant Tape Headlight Sealant Putty Tape | Black Butyl Caulking Tape | Butyl Tape RV Putty Tape EPDM Automotive Butyl Rubber Window Sealant for RV</p><p>$13.99 ($0.47 / Foot)</p><a href="https://www.amazon.com/dp/B0BPMW7485?tag=eloabder-20&linkCode=osi&th=1&psc=1">View Product</a></div>
<div class="product"><a href="https://www.amazon.com/dp/B006DXWZQU?tag=eloabder-20&linkCode=osi&th=1&psc=1"><img src="https://m.media-amazon.com/images/I/41wtqfFFfQL._SL500_.jpg" alt="Product Image"></a><p>FRAM Ultra Synthetic Automotive Replacement Oil Filter, Designed for Synthetic Oil Changes Lasting up to 20k Miles, XG10575 with SureGrip (Pack of 1)</p><p>$10.79</p><a href="https://www.amazon.com/dp/B006DXWZQU?tag=eloabder-20&linkCode=osi&th=1&psc=1">View Product</a></div><div class="product"><a href="https://www.amazon.com/dp/B01LH7L0XA?tag=eloabder-20&linkCode=osi&th=1&psc=1"><img src="https://m.media-amazon.com/images/I/41yD3QmbyZL._SL500_.jpg" alt="Product Image"></a><p>Shell Rotella T4 Triple Protection Conventional 15W-40 Diesel Engine Oil (1-Gallon, Single Pack)</p><p>$15.98 ($0.12 / Fl Oz)</p><a href="https://www.amazon.com/dp/B01LH7L0XA?tag=eloabder-20&linkCode=osi&th=1&psc=1">View Product</a></div><div class="product"><a href="https://www.amazon.com/dp/B00ICSWGJ0?tag=eloabder-20&linkCode=osi&th=1&psc=1"><img src="https://m.media-amazon.com/images/I/41Ahz5dVc5L._SL500_.jpg" alt="Product Image"></a><p>Castrol Edge 5W-30 Advanced Full Synthetic Motor Oil, 5 Quarts</p><p>$24.72 ($0.15 / Fl Oz)</p><a href="https://www.amazon.com/dp/B00ICSWGJ0?tag=eloabder-20&linkCode=osi&th=1&psc=1">View Product</a></div><div class="product"><a href="https://www.amazon.com/dp/B01N8RPDT8?tag=eloabder-20&linkCode=osi&th=1&psc=1"><img src="https://m.media-amazon.com/images/I/41Qm+9e8sCL._SL500_.jpg" alt="Product Image"></a><p>Motorcraft - Oil - Engine (XO10W305Q3SD)</p><p>$32.27</p><a href="https://www.amazon.com/dp/B01N8RPDT8?tag=eloabder-20&linkCode=osi&th=1&psc=1">View Product</a></div>
<div class="product"><a href="https://www.amazon.com/dp/B07FTRZLM5?tag=eloabder-20&linkCode=osi&th=1&psc=1"><img src="https://m.media-amazon.com/images/I/416uoNYOsXL._SL500_.jpg" alt="Product Image"></a><p>Chemical Guys HOL126 14-Piece Arsenal Builder Car Wash Kit with Foam Gun, Bucket, and (5) 16 oz Car Care Cleaning Chemicals, Gift for Car & Truck Lovers, Dads and DIYers (Works w/Garden Hose)</p><p>$119.99</p><a href="https://www.amazon.com/dp/B07FTRZLM5?tag=eloabder-20&linkCode=osi&th=1&psc=1">View Product</a></div><div class="product"><a href="https://www.amazon.com/dp/B0741RL23Q?tag=eloabder-20&linkCode=osi&th=1&psc=1"><img src="https://m.media-amazon.com/images/I/410wwKZBYVL._SL500_.jpg" alt="Product Image"></a><p>Chemical Guys SPI220 Total Interior Cleaner and Protectant, Safe for Cars, Trucks, SUVs, Jeeps, Motorcycles, RVs & More, 128 fl oz (1 Gallon)</p><p>$54.99 ($0.43 / Fl Oz)</p><a href="https://www.amazon.com/dp/B0741RL23Q?tag=eloabder-20&linkCode=osi&th=1&psc=1">View Product</a></div><div class="product"><a href="https://www.amazon.com/dp/B002J7VX4Y?tag=eloabder-20&linkCode=osi&th=1&psc=1"><img src="https://m.media-amazon.com/images/I/41oijnffQ0L._SL500_.jpg" alt="Product Image"></a><p>Chemical Guys AIR_101_16 New Car Smell Premium Air Freshener and Odor Eliminator, Long-Lasting Scent, Great for Cars, Trucks, SUVs, RVs & More, 16 fl oz</p><p>$10.99 ($0.69 / Fl Oz)</p><a href="https://www.amazon.com/dp/B002J7VX4Y?tag=eloabder-20&linkCode=osi&th=1&psc=1">View Product</a></div><div class="product"><a href="https://www.amazon.com/dp/B077TPG55M?tag=eloabder-20&linkCode=osi&th=1&psc=1"><img src="https://m.media-amazon.com/images/I/51aYksYRthL._SL500_.jpg" alt="Product Image"></a><p>Chemical Guys CWS20264 Tough Mudder Foaming Truck, Off Road, ATV and RV Heavy Duty Wash Soap,(Works with Foam Cannons, Foam Guns or Bucket Washes), 64 fl oz (Half Gallon), Lemon Scent</p><p>$39.99 ($0.62 / Fl Oz)</p><a href="https://www.amazon.com/dp/B077TPG55M?tag=eloabder-20&linkCode=osi&th=1&psc=1">View Product</a></div><div class="product"><a href="https://www.amazon.com/dp/B00BJCAPEE?tag=eloabder-20&linkCode=osi&th=1&psc=1"><img src="https://m.media-amazon.com/images/I/416RIPKVW1L._SL500_.jpg" alt="Product Image"></a><p>Chemical Guys CWS_402 Mr. Pink Foaming Car Wash Soap (Works with Foam Cannons, Foam Guns or Bucket Washes) Safe for Cars, Trucks, Motorcycles, RVs & More, 128 fl oz, Candy Scent</p><p>$39.99 ($0.31 / Fl Oz)</p><a href="https://www.amazon.com/dp/B00BJCAPEE?tag=eloabder-20&linkCode=osi&th=1&psc=1">View Product</a></div><div class="product"><a href="https://www.amazon.com/dp/B01C6AISUK?tag=eloabder-20&linkCode=osi&th=1&psc=1"><img src="https://m.media-amazon.com/images/I/41FrDCDPB6S._SL500_.jpg" alt="Product Image"></a><p>Chemical Guys CLD_700_16 Mat Renew Rubber + Vinyl Floor Mat Cleaner And Protectant, Safe for Cars, Trucks, SUVs, Motorcycles, RVs & More, 16 fl oz</p><p>$10.99 ($0.69 / Fl Oz)</p><a href="https://www.amazon.com/dp/B01C6AISUK?tag=eloabder-20&linkCode=osi&th=1&psc=1">View Product</a></div><div class="product"><a href="https://www.amazon.com/dp/B01N76S0A7?tag=eloabder-20&linkCode=osi&th=1&psc=1"><img src="https://m.media-amazon.com/images/I/51jurhYPCgL._SL500_.jpg" alt="Product Image"></a><p>Chemical Guys HOL131 Premium Chenille Microfiber Car Wash Mop and Heavy Duty Extendable Pole Kit (Great for RVs, Trucks, SUVs, Jeeps & Large Vehicles), With Mr. Pink Foaming Car Wash Soap - 4 fl oz</p><p>$49.99</p><a href="https://www.amazon.com/dp/B01N76S0A7?tag=eloabder-20&linkCode=osi&th=1&psc=1">View Product</a></div><div class="product"><a href="https://www.amazon.com/dp/B009OTW646?tag=eloabder-20&linkCode=osi&th=1&psc=1"><img src="https://m.media-amazon.com/images/I/41lG36UqLBL._SL500_.jpg" alt="Product Image"></a><p>Chemical Guys CWS 110 Honeydew Snow Foam Car Wash Soap (Works with Foam Cannons, Guns or Bucket Washes) Safe for Trucks, Motorcycles, RVs & More, 128 fl oz (1 Gallon), Honeydew Scent</p><p>$39.99 ($0.31 / Fl Oz)</p><a href="https://www.amazon.com/dp/B009OTW646?tag=eloabder-20&linkCode=osi&th=1&psc=1">View Product</a></div><div class="product"><a href="https://www.amazon.com/dp/B08P54Z2C2?tag=eloabder-20&linkCode=osi&th=1&psc=1"><img src="https://m.media-amazon.com/images/I/41Ra65iS2OL._SL500_.jpg" alt="Product Image"></a><p>Chemical Guys WAC23316 HydroSpeed Ceramic Quick Detailer, Safe for Cars, Trucks, SUVs, Motorcycles, RVs & More, 16 fl oz</p><p>$24.99</p><a href="https://www.amazon.com/dp/B08P54Z2C2?tag=eloabder-20&linkCode=osi&th=1&psc=1">View Product</a></div>
<div class="product"><a href="https://www.amazon.com/dp/B0C7WLPQC7?tag=eloabder-20&linkCode=osi&th=1&psc=1"><img src="https://m.media-amazon.com/images/I/41hJeSxsSWL._SL500_.jpg" alt="Product Image"></a><p>Detail King Car Odor Removal - Chlorine Dioxide Cup - Extreme Odor Eliminator For Car - Safe And Easy To Use (3 Oz (Pack of 1) - Plastic)</p><p>$24.95 ($8.32 / Ounce)</p><a href="https://www.amazon.com/dp/B0C7WLPQC7?tag=eloabder-20&linkCode=osi&th=1&psc=1">View Product</a></div>

<div class="product"><a href="https://www.amazon.com/dp/B0052XFWCG?tag=eloabder-20&linkCode=osi&th=1&psc=1"><img src="https://m.media-amazon.com/images/I/41qajeJVXLL._SL500_.jpg" alt="Product Image"></a><p>Hot Shot's Secret HSS64Z Original Stiction Eliminator 64 Fluid Ounce Bottle, Green</p><p>$53.45 ($0.84 / Fl Oz)</p><a href="https://www.amazon.com/dp/B0052XFWCG?tag=eloabder-20&linkCode=osi&th=1&psc=1">View Product</a></div><div class="product"><a href="https://www.amazon.com/dp/B009M64CAW?tag=eloabder-20&linkCode=osi&th=1&psc=1"><img src="https://m.media-amazon.com/images/I/417D8X0nkBL._SL500_.jpg" alt="Product Image"></a><p>Lucas Oil 10679 Hot Rod & Classic Car SAE 10W-30 Motor Oil - 5 Quart</p><p>$38.50 ($0.24 / Fl Oz)</p><a href="https://www.amazon.com/dp/B009M64CAW?tag=eloabder-20&linkCode=osi&th=1&psc=1">View Product</a></div><div class="product"><a href="https://www.amazon.com/dp/B01L9ARY9O?tag=eloabder-20&linkCode=osi&th=1&psc=1"><img src="https://m.media-amazon.com/images/I/51yaZAYH75L._SL500_.jpg" alt="Product Image"></a><p>FPPF Chemical Co 00161 16 OZ HOT 4-in-1 Heating Oil Treatment (2 Bottles)</p><p>$26.42</p><a href="https://www.amazon.com/dp/B01L9ARY9O?tag=eloabder-20&linkCode=osi&th=1&psc=1">View Product</a></div><div class="product"><a href="https://www.amazon.com/dp/B009M64CUM?tag=eloabder-20&linkCode=osi&th=1&psc=1"><img src="https://m.media-amazon.com/images/I/41yiWaF8YQL._SL500_.jpg" alt="Product Image"></a><p>Lucas Oil 10683 Hot Rod & Classic Car SAE 10W-40 Motor Oil - 5 Quart</p><p>$43.24 ($0.27 / Fl Oz)</p><a href="https://www.amazon.com/dp/B009M64CUM?tag=eloabder-20&linkCode=osi&th=1&psc=1">View Product</a></div><div class="product"><a href="https://www.amazon.com/dp/B0973HNRH9?tag=eloabder-20&linkCode=osi&th=1&psc=1"><img src="https://m.media-amazon.com/images/I/41kyGGJa--L._SL500_.jpg" alt="Product Image"></a><p>Hot Shot's Secret FR3 Friction Reducer 64 Fluid Ounce 2 Quarts, Light Yellow Liquid, (HSSFR364Z)</p><p>$59.73 ($0.93 / Fl Oz)</p><a href="https://www.amazon.com/dp/B0973HNRH9?tag=eloabder-20&linkCode=osi&th=1&psc=1">View Product</a></div><div class="product"><a href="https://www.amazon.com/dp/B082YFQQ25?tag=eloabder-20&linkCode=osi&th=1&psc=1"><img src="https://m.media-amazon.com/images/I/511PTX7LlZL._SL500_.jpg" alt="Product Image"></a><p>Hot Shot's Secret Green Diamond 100 Percent Synthetic 15W40 Oil Diesel 1 Gallon</p><p>$39.99 ($0.31 / Fl Oz)</p><a href="https://www.amazon.com/dp/B082YFQQ25?tag=eloabder-20&linkCode=osi&th=1&psc=1">View Product</a></div>















<div class="product"><a href="https://www.amazon.com/dp/B08PTMXCJL?tag=eloabder-20&linkCode=osi&th=1&psc=1"><img src="https://m.media-amazon.com/images/I/410eJv-7UHL._SL500_.jpg" alt="Product Image"></a><p>Moly Grease | 3% Molybdenum Disulfide | Fifth Wheel | 5th | Automotive | Tractor | Axle | Spline | CV Joint | Lithium EP Grease | High Temp | 35 LB Pail Bucket | Black Moly | NLGI 2 | HeavyDuty Moly</p><p>$174.99 ($0.31 / Ounce)</p><a href="https://www.amazon.com/dp/B08PTMXCJL?tag=eloabder-20&linkCode=osi&th=1&psc=1">View Product</a></div><div class="product"><a href="https://www.amazon.com/dp/B08PTHJTK5?tag=eloabder-20&linkCode=osi&th=1&psc=1"><img src="https://m.media-amazon.com/images/I/41VdMjJ38aL._SL500_.jpg" alt="Product Image"></a><p>Wheel Bearing Grease Pail | Lithium Complex | High Temp EP | CV Joint | Axle | Automotive | Tractor | Truck | Ball Joint | Marine Boat | Gear | Heavy Duty | Blue | 35 LB Bucket | NLGI 2 | MultiPurpose</p><p>$167.99 ($0.30 / Ounce)</p><a href="https://www.amazon.com/dp/B08PTHJTK5?tag=eloabder-20&linkCode=osi&th=1&psc=1">View Product</a></div><div class="product"><a href="https://www.amazon.com/dp/B0013J1UA6?tag=eloabder-20&linkCode=osi&th=1&psc=1"><img src="https://m.media-amazon.com/images/I/41G0Fkf7KnL._SL500_.jpg" alt="Product Image"></a><p>CRC Food Grade Chain Lube 03055 – 12 Wt. Oz. Aerosol, NSF H1 Gear, Chain, and Wire Lubricant</p><p>$19.25 ($1.60 / Ounce)</p><a href="https://www.amazon.com/dp/B0013J1UA6?tag=eloabder-20&linkCode=osi&th=1&psc=1">View Product</a></div>





<div class="product"><a href="https://www.amazon.com/dp/B08GQ9G2V5?tag=eloabder-20&linkCode=osi&th=1&psc=1"><img src="https://m.media-amazon.com/images/I/511+rapOlWL._SL500_.jpg" alt="Product Image"></a><p>Armor All Car Air Freshener and Purifier, Car Odor Eliminator, 1.5 Ounce (Pack of 3)</p><p>$21.21 ($4.71 / Ounce)</p><a href="https://www.amazon.com/dp/B08GQ9G2V5?tag=eloabder-20&linkCode=osi&th=1&psc=1">View Product</a></div>







<div class="product"><a href="https://www.amazon.com/dp/B001229JCU?tag=eloabder-20&linkCode=osi&th=1&psc=1"><img src="https://m.media-amazon.com/images/I/31W6FuKPMcL._SL500_.jpg" alt="Product Image"></a><p>First Alert EZ Fire Spray, Extinguishing Aerosol Spray, AF400 Red 18 Ounce (Pack of 1)</p><p>$12.49</p><a href="https://www.amazon.com/dp/B001229JCU?tag=eloabder-20&linkCode=osi&th=1&psc=1">View Product</a></div><div class="product"><a href="https://www.amazon.com/dp/B002U0KGDY?tag=eloabder-20&linkCode=osi&th=1&psc=1"><img src="https://m.media-amazon.com/images/I/51p6R+mcRhL._SL500_.jpg" alt="Product Image"></a><p>First Alert EZ Fire Spray, Extinguishing Aerosol Spray, Pack of 2, AF400-2, RED</p><p>$27.02</p><a href="https://www.amazon.com/dp/B002U0KGDY?tag=eloabder-20&linkCode=osi&th=1&psc=1">View Product</a></div>
<div class="product"><a href="https://www.amazon.com/dp/B0088LVBUQ?tag=eloabder-20&linkCode=osi&th=1&psc=1"><img src="https://m.media-amazon.com/images/I/31h7l-l6u2L._SL500_.jpg" alt="Product Image"></a><p>Seymour EN-59 Hi-Tech Engine Spray Paint, General Motors Red</p><p>$9.08 ($0.76 / Ounce)</p><a href="https://www.amazon.com/dp/B0088LVBUQ?tag=eloabder-20&linkCode=osi&th=1&psc=1">View Product</a></div>




<div class="product"><a href="https://www.amazon.com/dp/B000HBNU9K?tag=eloabder-20&linkCode=osi&th=1&psc=1"><img src="https://m.media-amazon.com/images/I/41URzfKaVsL._SL500_.jpg" alt="Product Image"></a><p>Permatex 27828 Body Shop Heavy Duty Headliner Adhesive, High-Strength Spray Adhesive, Repair Detached Or Loose Interior Parts, Dries Clear, Aerosol Can, 16.75 Oz</p><p>$17.05 ($1.02 / Ounce)</p><a href="https://www.amazon.com/dp/B000HBNU9K?tag=eloabder-20&linkCode=osi&th=1&psc=1">View Product</a></div><div class="product"><a href="https://www.amazon.com/dp/B001VXXEXU?tag=eloabder-20&linkCode=osi&th=1&psc=1"><img src="https://m.media-amazon.com/images/I/5112onMwzaL._SL500_.jpg" alt="Product Image"></a><p>Vibra-TITE 213 Red VC-3 Original Threadmate, 250ml Can</p><p>$99.19</p><a href="https://www.amazon.com/dp/B001VXXEXU?tag=eloabder-20&linkCode=osi&th=1&psc=1">View Product</a></div><div class="product"><a href="https://www.amazon.com/dp/B0CWPSLTR1?tag=eloabder-20&linkCode=osi&th=1&psc=1"><img src="https://m.media-amazon.com/images/I/31ytleZjjaL._SL500_.jpg" alt="Product Image"></a><p>P & S PROFESSIONAL DETAIL PRODUCTS - Terminator Enzyme Spot and Stain Remover - Perfect for Deodorizing, Removing Embedded Soils, Grease, Dirt, and Protein-Based Stains; Fresh Scent (1 Quart)</p><p>$25.95 ($0.81 / Fl Oz)</p><a href="https://www.amazon.com/dp/B0CWPSLTR1?tag=eloabder-20&linkCode=osi&th=1&psc=1">View Product</a></div><div class="product"><a href="https://www.amazon.com/dp/B07GFNQL9H?tag=eloabder-20&linkCode=osi&th=1&psc=1"><img src="https://m.media-amazon.com/images/I/41AA3Nbt8OL._SL500_.jpg" alt="Product Image"></a><p>Gunk FEB1 Foamy Engine Brite Engine Cleaner - 17oz. 2 Pack</p><p>$17.95 ($0.53 / Ounce)</p><a href="https://www.amazon.com/dp/B07GFNQL9H?tag=eloabder-20&linkCode=osi&th=1&psc=1">View Product</a></div>



<div class="product"><a href="https://www.amazon.com/dp/B003SKCARK?tag=eloabder-20&linkCode=osi&th=1&psc=1"><img src="https://m.media-amazon.com/images/I/41rvU5irgRL._SL500_.jpg" alt="Product Image"></a><p>Obenauf's Heavy Duty LP Leather Preservative (4oz)- All Natural Beeswax Oil Conditioner- Rejuvenate Restore & Preserve Sunfaded or Cracked Boots Jackets Saddles Car Auto Upholstery Furniture- USA Made</p><p>$15.99</p><a href="https://www.amazon.com/dp/B003SKCARK?tag=eloabder-20&linkCode=osi&th=1&psc=1">View Product</a></div>
Aucun résultat trouvé.

<div class="product"><a href="https://www.amazon.com/dp/B0CLWDDWHX?tag=eloabder-20&linkCode=osi&th=1&psc=1"><img src="https://m.media-amazon.com/images/I/51HPMtia03L._SL500_.jpg" alt="Product Image"></a><p>Fire Fix Fire Extinguisher for Home 5-Pack | Made in USA | Emergency Fire Spray Foam for Apartment, Boat, Camping, Car, House, Kitchen & Vehicle | Safety & Survival | Compact, Small, Safe & Easy Use</p><p>$56.95</p><a href="https://www.amazon.com/dp/B0CLWDDWHX?tag=eloabder-20&linkCode=osi&th=1&psc=1">View Product</a></div><div class="product"><a href="https://www.amazon.com/dp/B0CKZF9H3D?tag=eloabder-20&linkCode=osi&th=1&psc=1"><img src="https://m.media-amazon.com/images/I/41+Q4YdByuL._SL500_.jpg" alt="Product Image"></a><p>Firexo All Fires Fire Extinguisher - Multipurpose Mini Aerosol - Pack of 6 - Home, Kitchen, Car, Garage, Boat, Caravan, Camping Household, ABC, Vehicle, Compact, RV, Emergency Equipment (0.1 Gal)</p><p>$139.99</p><a href="https://www.amazon.com/dp/B0CKZF9H3D?tag=eloabder-20&linkCode=osi&th=1&psc=1">View Product</a></div>
Aucun résultat trouvé.
Aucun résultat trouvé.






<div class="product"><a href="https://www.amazon.com/dp/B00FOKOKMU?tag=eloabder-20&linkCode=osi&th=1&psc=1"><img src="https://m.media-amazon.com/images/I/41KsUW-6WOL._SL500_.jpg" alt="Product Image"></a><p>The Original Leather Recoloring Balm by Furniture Clinic - 16 Colors - Leather Repair Kit for Furniture - Restore Couches, Car Seats & More - Leather Dye for Scratched and Faded Leather (Beige)</p><p>$29.95</p><a href="https://www.amazon.com/dp/B00FOKOKMU?tag=eloabder-20&linkCode=osi&th=1&psc=1">View Product</a></div>


<div class="product"><a href="https://www.amazon.com/dp/B0BQX6CPLS?tag=eloabder-20&linkCode=osi&th=1&psc=1"><img src="https://m.media-amazon.com/images/I/51OtuHOIJpL._SL500_.jpg" alt="Product Image"></a><p>Dry Stop Fire Spray by Prepared Hero - 8 Pack - Portable Fire Extinguisher for Home, Car, Garage, Kitchen - Works on Electrical, Grease, Battery Fires & More - Compact, Easy to Use</p><p>$143.99</p><a href="https://www.amazon.com/dp/B0BQX6CPLS?tag=eloabder-20&linkCode=osi&th=1&psc=1">View Product</a></div><div class="product"><a href="https://www.amazon.com/dp/B0BQX76B9K?tag=eloabder-20&linkCode=osi&th=1&psc=1"><img src="https://m.media-amazon.com/images/I/51iHCSuHw5L._SL500_.jpg" alt="Product Image"></a><p>Vapor Clean Fire Spray by Prepared Hero - 8 Pack - Portable Fire Extinguisher for Home, Car, Garage, Kitchen - Works on Electrical, Grease, Battery Fires & More - Compact, Easy to Use</p><p>$143.99</p><a href="https://www.amazon.com/dp/B0BQX76B9K?tag=eloabder-20&linkCode=osi&th=1&psc=1">View Product</a></div><div class="product"><a href="https://www.amazon.com/dp/B0C32NVZJZ?tag=eloabder-20&linkCode=osi&th=1&psc=1"><img src="https://m.media-amazon.com/images/I/61coxTM3mSL._SL500_.jpg" alt="Product Image"></a><p>Houandg Water-Based Fire Extinguisher- 2 Pack Portable Solution for All Fire Types in Homes, Vehicles, Kitchens - Prevents Re-Ignition</p><p>$33.98</p><a href="https://www.amazon.com/dp/B0C32NVZJZ?tag=eloabder-20&linkCode=osi&th=1&psc=1">View Product</a></div>
<div class="product"><a href="https://www.amazon.com/dp/B00L3W1OAO?tag=eloabder-20&linkCode=osi&th=1&psc=1"><img src="https://m.media-amazon.com/images/I/414uILMLuaL._SL500_.jpg" alt="Product Image"></a><p>Pro F/X Rubber Mask Grease Wheel - 1 Ounce - Trauma</p><p>$27.01</p><a href="https://www.amazon.com/dp/B00L3W1OAO?tag=eloabder-20&linkCode=osi&th=1&psc=1">View Product</a></div>
<div class="product"><a href="https://www.amazon.com/dp/B0CZ16SHCH?tag=eloabder-20&linkCode=osi&th=1&psc=1"><img src="https://m.media-amazon.com/images/I/31pYxaz4gYL._SL500_.jpg" alt="Product Image"></a><p>P & S PROFESSIONAL DETAIL PRODUCTS - Rehab - Paint Correction Creme Safe for All Paint Types and with Multiple pad Types - Easy-to-use-Formula Works at Any Stage of Paint Correction - 1 Quart</p><p>$56.95</p><a href="https://www.amazon.com/dp/B0CZ16SHCH?tag=eloabder-20&linkCode=osi&th=1&psc=1">View Product</a></div><div class="product"><a href="https://www.amazon.com/dp/B082BG8HLX?tag=eloabder-20&linkCode=osi&th=1&psc=1"><img src="https://m.media-amazon.com/images/I/31OAXbv7QFL._SL500_.jpg" alt="Product Image"></a><p>Lithium Auto Elixirs Color Crush- A rather intense approach to an Instant Detailer, Infused with color enhancing technology - Extremely Hydrophobic ingredients, long lasting Instant Detailer</p><p>$19.95 ($1.25 / Fl Oz)</p><a href="https://www.amazon.com/dp/B082BG8HLX?tag=eloabder-20&linkCode=osi&th=1&psc=1">View Product</a></div><div class="product"><a href="https://www.amazon.com/dp/B07MTPWZ76?tag=eloabder-20&linkCode=osi&th=1&psc=1"><img src="https://m.media-amazon.com/images/I/41v5yubrqoL._SL500_.jpg" alt="Product Image"></a><p>Lithium Seal and Squeal Paint Sealant/Polish - Incredible Shine and Lasting Protection - Curable Amino Functional Polymers Fused with Si02 Ceramic Nano Technology -Lasts for up to 12 Months (16 oz)</p><p>$39.99 ($2.50 / Ounce)</p><a href="https://www.amazon.com/dp/B07MTPWZ76?tag=eloabder-20&linkCode=osi&th=1&psc=1">View Product</a></div><div class="product"><a href="https://www.amazon.com/dp/B07MVNX377?tag=eloabder-20&linkCode=osi&th=1&psc=1"><img src="https://m.media-amazon.com/images/I/31gEqFf7rhL._SL500_.jpg" alt="Product Image"></a><p>Leather Love - The Best Leather Conditioner On The Planet, Brings Old Leather Back To Life, All Natural Ingredients Mixed With Serious Science, Restores, Rehydrates, Protects (8oz)</p><p>$28.99 ($3.62 / Ounce)</p><a href="https://www.amazon.com/dp/B07MVNX377?tag=eloabder-20&linkCode=osi&th=1&psc=1">View Product</a></div><div class="product"><a href="https://www.amazon.com/dp/B07MTQP514?tag=eloabder-20&linkCode=osi&th=1&psc=1"><img src="https://m.media-amazon.com/images/I/311IYwH-oaL._SL500_.jpg" alt="Product Image"></a><p>Trim Serum- Plastic Restorer- Restores Even the Most Damaged Plastic, Rubber and Vinyl, Last For Months, Penetrates Plastic Pores Restoring Color. (16 Oz)</p><p>$36.99</p><a href="https://www.amazon.com/dp/B07MTQP514?tag=eloabder-20&linkCode=osi&th=1&psc=1">View Product</a></div><div class="product"><a href="https://www.amazon.com/dp/B07236X7TS?tag=eloabder-20&linkCode=osi&th=1&psc=1"><img src="https://m.media-amazon.com/images/I/51-mgxYD9kL._SL500_.jpg" alt="Product Image"></a><p>Skidmore's Biker Edition Leather Cream | All Natural Formula Cleans, Conditions, and Protects your Motorcycle | Made in USA</p><p>$44.98</p><a href="https://www.amazon.com/dp/B07236X7TS?tag=eloabder-20&linkCode=osi&th=1&psc=1">View Product</a></div><div class="product"><a href="https://www.amazon.com/dp/B001CS6HH4?tag=eloabder-20&linkCode=osi&th=1&psc=1"><img src="https://m.media-amazon.com/images/I/41wY0SB+DWL._SL500_.jpg" alt="Product Image"></a><p>Fiebing's Yellow Saddle Soap for Leather (3.5 oz Tin) - Leather Cleaner & Conditioner to Soften, Protect & Restore Leathercraft - Leather Soap for Car Seat, Couch, Shoe, Purse, Boot, Bag, & Saddles</p><p>$7.15 ($2.04 / Ounce)</p><a href="https://www.amazon.com/dp/B001CS6HH4?tag=eloabder-20&linkCode=osi&th=1&psc=1">View Product</a></div><div class="product"><a href="https://www.amazon.com/dp/B08RHZ1BKD?tag=eloabder-20&linkCode=osi&th=1&psc=1"><img src="https://m.media-amazon.com/images/I/21WKh31c4tL._SL500_.jpg" alt="Product Image"></a><p>Lithium Ignite After Wash - Conditions and Shines Surfaces as You Dry. Streak-Free Hydrophobic Formula adds Lubrication to Stop Micro Scratching While Surfaces pop with Color.</p><p>$21.99 ($1.37 / Fl Oz)</p><a href="https://www.amazon.com/dp/B08RHZ1BKD?tag=eloabder-20&linkCode=osi&th=1&psc=1">View Product</a></div><div class="product"><a href="https://www.amazon.com/dp/B0003A1T3E?tag=eloabder-20&linkCode=osi&th=1&psc=1"><img src="https://m.media-amazon.com/images/I/41042PKJ1ZL._SL500_.jpg" alt="Product Image"></a><p>URAD One step All-In-One Leather conditioner 140g - NEUTRAL</p><p>$16.13</p><a href="https://www.amazon.com/dp/B0003A1T3E?tag=eloabder-20&linkCode=osi&th=1&psc=1">View Product</a></div>

<div class="product"><a href="https://www.amazon.com/dp/B0B3NFH3QY?tag=eloabder-20&linkCode=osi&th=1&psc=1"><img src="https://m.media-amazon.com/images/I/51sKVZnP-WL._SL500_.jpg" alt="Product Image"></a><p>Little Joe 96427-6PK I Love Hockey New Car Scent Red Car Air Freshener A/C Vent Clip Uses Alcohol-Free Fragrance Oil is Non-Hazardous and Non-Toxic Plastic, Pack of 6</p><p>$21.99 ($3.66 / Count)</p><a href="https://www.amazon.com/dp/B0B3NFH3QY?tag=eloabder-20&linkCode=osi&th=1&psc=1">View Product</a></div><div class="product"><a href="https://www.amazon.com/dp/B072275K82?tag=eloabder-20&linkCode=osi&th=1&psc=1"><img src="https://m.media-amazon.com/images/I/41wDnF6SiAL._SL500_.jpg" alt="Product Image"></a><p>Little Joe 96404-6PK Fruit Scent, Car Air Freshener, Clips to A/C Air Vent, Alcohol-Free Fragrance Oil, Non-Hazardous and Non-Toxic Plastic, Set of 6</p><p>$16.60 ($2.77 / Count)</p><a href="https://www.amazon.com/dp/B072275K82?tag=eloabder-20&linkCode=osi&th=1&psc=1">View Product</a></div><div class="product"><a href="https://www.amazon.com/dp/B0CQPQ2S4W?tag=eloabder-20&linkCode=osi&th=1&psc=1"><img src="https://m.media-amazon.com/images/I/31iRknmvjeL._SL500_.jpg" alt="Product Image"></a><p>Little Pup 96613 Blue Raspberry Slushy Scent Car Air Freshener A/C Vent Clip Uses Alcohol-Free Fragrance Oil is Non Hazardous and Non Toxic, Pack of 1</p><p>$3.94</p><a href="https://www.amazon.com/dp/B0CQPQ2S4W?tag=eloabder-20&linkCode=osi&th=1&psc=1">View Product</a></div><div class="product"><a href="https://www.amazon.com/dp/B0CQPNMTM4?tag=eloabder-20&linkCode=osi&th=1&psc=1"><img src="https://m.media-amazon.com/images/I/41eEovL+zML._SL500_.jpg" alt="Product Image"></a><p>Little Joe 96414-6PK Orange Creamsicle Scent Car Air Freshener A/C Vent Clip Uses Alcohol-Free Fragrance Oil is Non-Hazardous and Non-Toxic Plastic, Pack of 6</p><p>$25.99 ($4.33 / Count)</p><a href="https://www.amazon.com/dp/B0CQPNMTM4?tag=eloabder-20&linkCode=osi&th=1&psc=1">View Product</a></div><div class="product"><a href="https://www.amazon.com/dp/B0CH9KNNZN?tag=eloabder-20&linkCode=osi&th=1&psc=1"><img src="https://m.media-amazon.com/images/I/41jX66PGMTL._SL500_.jpg" alt="Product Image"></a><p>TAKAVU Clay Bars Auto Detailing 2 Pack X 100g, Premium Grade Material, Magic Clay Bar Cleaner for Cars, RV, Boat and Bus (Grey)</p><p>$9.99</p><a href="https://www.amazon.com/dp/B0CH9KNNZN?tag=eloabder-20&linkCode=osi&th=1&psc=1">View Product</a></div>

<div class="product"><a href="https://www.amazon.com/dp/B004UM6DLE?tag=eloabder-20&linkCode=osi&th=1&psc=1"><img src="https://m.media-amazon.com/images/I/314nawyx6sL._SL500_.jpg" alt="Product Image"></a><p>CARPRO IronX Iron Remover: Stops Rust Spots and Pre-Mature Failure of The Clear Coat, Iron Contaminant Removal - 500mL with Sprayer (17oz)</p><p>$26.78</p><a href="https://www.amazon.com/dp/B004UM6DLE?tag=eloabder-20&linkCode=osi&th=1&psc=1">View Product</a></div><div class="product"><a href="https://www.amazon.com/dp/B01HXZXO98?tag=eloabder-20&linkCode=osi&th=1&psc=1"><img src="https://m.media-amazon.com/images/I/41Ne9OfQGzL._SL500_.jpg" alt="Product Image"></a><p>Chemical Guys CWS80316 Clean Slate Deep Surface Cleaning Car Wash Soap (Removes Old Car Waxes, Glazes & Sealants for Superior Surface Prep), 16 fl oz, Citrus Scent</p><p>$11.99 ($0.75 / Fl Oz)</p><a href="https://www.amazon.com/dp/B01HXZXO98?tag=eloabder-20&linkCode=osi&th=1&psc=1">View Product</a></div><div class="product"><a href="https://www.amazon.com/dp/B07C39H9YX?tag=eloabder-20&linkCode=osi&th=1&psc=1"><img src="https://m.media-amazon.com/images/I/31yK3Vb5xWL._SL500_.jpg" alt="Product Image"></a><p>Adam's Polishes Iron Remover (16oz) - Iron Out Fallout Rust Remover Spray for Car Detailing | Remove Iron Particles in Car Paint, Motorcycle, RV & Boat | Use Before Clay Bar, Car Wax or Car Wash</p><p>$16.99</p><a href="https://www.amazon.com/dp/B07C39H9YX?tag=eloabder-20&linkCode=osi&th=1&psc=1">View Product</a></div><div class="product"><a href="https://www.amazon.com/dp/B0BTJ9DJM5?tag=eloabder-20&linkCode=osi&th=1&psc=1"><img src="https://m.media-amazon.com/images/I/41tNMqlDrxL._SL500_.jpg" alt="Product Image"></a><p>Torque Detail Decon Wash Pack - Decontamination Soap 8oz + Wash Mitt - Surface Strip Wash Car Shampoo - Highly Absorbent Microfiber Chenille Car Wash Mitt Safely Cleans Your Vehicles Entire Surface</p><p>$24.95 ($3.12 / Fl Oz)</p><a href="https://www.amazon.com/dp/B0BTJ9DJM5?tag=eloabder-20&linkCode=osi&th=1&psc=1">View Product</a></div><div class="product"><a href="https://www.amazon.com/dp/B013K5V9PQ?tag=eloabder-20&linkCode=osi&th=1&psc=1"><img src="https://m.media-amazon.com/images/I/41V3rm6NlZL._SL500_.jpg" alt="Product Image"></a><p>CARPRO PolyShave Decon Towel - Car Detailing Clay Decontamination Faster than Clay Bar, Clean & Release of Paint Contaminants and Glass - Increase Wax and Sealant Bond - 12" x 12" (1 Pack)</p><p>$39.97</p><a href="https://www.amazon.com/dp/B013K5V9PQ?tag=eloabder-20&linkCode=osi&th=1&psc=1">View Product</a></div><div class="product"><a href="https://www.amazon.com/dp/B0B788NBWG?tag=eloabder-20&linkCode=osi&th=1&psc=1"><img src="https://m.media-amazon.com/images/I/51NDfAOuEmL._SL500_.jpg" alt="Product Image"></a><p>P & S Professional Detail Products - Clay Decontamination Towel - Effective Cleaning & Release of Paint Contaminants; Increase Wax & Sealant Bond; Enhance Gloss & Depth of Color; Fine Grade-12" x 12"</p><p>$34.95</p><a href="https://www.amazon.com/dp/B0B788NBWG?tag=eloabder-20&linkCode=osi&th=1&psc=1">View Product</a></div><div class="product"><a href="https://www.amazon.com/dp/B0B27TFK69?tag=eloabder-20&linkCode=osi&th=1&psc=1"><img src="https://m.media-amazon.com/images/I/41zJPQIcqeL._SL500_.jpg" alt="Product Image"></a><p>The Rag Company - Ultra Clay Decontamination Mitt - Easy to Use; Effective Cleaning & Release of Paint Contaminants; Increase Wax & Sealant Bond; Enhance Gloss &Color Depth; Fine Grade (8.7"x5.7")</p><p>$34.95</p><a href="https://www.amazon.com/dp/B0B27TFK69?tag=eloabder-20&linkCode=osi&th=1&psc=1">View Product</a></div><div class="product"><a href="https://www.amazon.com/dp/B0C6XBN14N?tag=eloabder-20&linkCode=osi&th=1&psc=1"><img src="https://m.media-amazon.com/images/I/31BSavOJ89L._SL500_.jpg" alt="Product Image"></a><p>3D Iron Remover GLW Series | DIY Car Detailing | Hyper Effective Wheel Decontamination | Removes Iron Particles, Dirt, Brake Dust | Rapid Results | Ultimate Iron & Surface Contaminate Eliminator, 16oz</p><p>$17.99</p><a href="https://www.amazon.com/dp/B0C6XBN14N?tag=eloabder-20&linkCode=osi&th=1&psc=1">View Product</a></div>







<div class="product"><a href="https://www.amazon.com/dp/B0D2SPCW3G?tag=eloabder-20&linkCode=osi&th=1&psc=1"><img src="https://m.media-amazon.com/images/I/41JYIg6xqqL._SL500_.jpg" alt="Product Image"></a><p>Crankcase Ventilation Oil Separator with Gasket Compatible for 2008-2014 Volvo Mack D13 D16 MP8 Engine Replace 21122541 20499419</p><p>$155.99</p><a href="https://www.amazon.com/dp/B0D2SPCW3G?tag=eloabder-20&linkCode=osi&th=1&psc=1">View Product</a></div>

<div class="product"><a href="https://www.amazon.com/dp/B0C6M2FHGX?tag=eloabder-20&linkCode=osi&th=1&psc=1"><img src="https://m.media-amazon.com/images/I/21wWRrpHdbL._SL500_.jpg" alt="Product Image"></a><p>eMagTech 9PCS Warning Sign Please No Smoking Vaping Food Drink Stickers 110x50mm Self-Adhesive Vinyl Window Decal for Car Taxis Buses Minibuses</p><p>$9.49</p><a href="https://www.amazon.com/dp/B0C6M2FHGX?tag=eloabder-20&linkCode=osi&th=1&psc=1">View Product</a></div>

Aucun résultat trouvé.

<div class="product"><a href="https://www.amazon.com/dp/B0CVWZZMRY?tag=eloabder-20&linkCode=osi&th=1&psc=1"><img src="https://m.media-amazon.com/images/I/512y-1GwQNL._SL500_.jpg" alt="Product Image"></a><p>Jewkot 4 PCS Car Wiper Strip, 28" Boneless Structure Car Windshield Cleaning Wiper Strip, DIY Length Auxiliary Cleaning Replacement Accessory, Suitable for Most Cars, Vans, Trucks, Buses (Black)</p><p>$5.58</p><a href="https://www.amazon.com/dp/B0CVWZZMRY?tag=eloabder-20&linkCode=osi&th=1&psc=1">View Product</a></div>
<div class="product"><a href="https://www.amazon.com/dp/B07L3VQC6W?tag=eloabder-20&linkCode=osi&th=1&psc=1"><img src="https://m.media-amazon.com/images/I/41GebP+2HYL._SL500_.jpg" alt="Product Image"></a><p>BRISA VW Collection Volkswagen Air Freshener, Room Freshener, Deodorizer for Cars T1 Bus Campervan Motif (Citrus/Yellow/Set of 2)</p><p>$13.90 ($6.95 / Count)</p><a href="https://www.amazon.com/dp/B07L3VQC6W?tag=eloabder-20&linkCode=osi&th=1&psc=1">View Product</a></div><div class="product"><a href="https://www.amazon.com/dp/B07L3V86JS?tag=eloabder-20&linkCode=osi&th=1&psc=1"><img src="https://m.media-amazon.com/images/I/41TblWhKhQL._SL500_.jpg" alt="Product Image"></a><p>BRISA VW Collection Volkswagen Air Freshener, Room Freshener, Deodorizer for Cars T1 Bus Campervan Motif (New Car/Green/Set of 2)</p><p>$13.90 ($6.95 / Count)</p><a href="https://www.amazon.com/dp/B07L3V86JS?tag=eloabder-20&linkCode=osi&th=1&psc=1">View Product</a></div>


Aucun résultat trouvé.










<div class="product"><a href="https://www.amazon.com/dp/B099HL5SV2?tag=eloabder-20&linkCode=osi&th=1&psc=1"><img src="https://m.media-amazon.com/images/I/31kcR8HnylL._SL500_.jpg" alt="Product Image"></a><p>Philips GoPure GP5212 High Performance HEPA Air Purifier for Car, Removes up to 100 Pollutants, Exhaust Fumes, VOCs, Smoke, Bad Odors, Bacteria and Viruses</p><p>$77.59</p><a href="https://www.amazon.com/dp/B099HL5SV2?tag=eloabder-20&linkCode=osi&th=1&psc=1">View Product</a></div><div class="product"><a href="https://www.amazon.com/dp/B07TB419F7?tag=eloabder-20&linkCode=osi&th=1&psc=1"><img src="https://m.media-amazon.com/images/I/41l9XK-u-eL._SL500_.jpg" alt="Product Image"></a><p>Enoch Ionic Car Air Purifier with Dual USB Car Charger. Car Air Freshener Eliminates Odor, Dust. Removes Smoke, Pet and Food Odor. Ionic Ozone Car Deodorizer (Matt Black)</p><p>$24.50</p><a href="https://www.amazon.com/dp/B07TB419F7?tag=eloabder-20&linkCode=osi&th=1&psc=1">View Product</a></div><div class="product"><a href="https://www.amazon.com/dp/B08C9LKKMM?tag=eloabder-20&linkCode=osi&th=1&psc=1"><img src="https://m.media-amazon.com/images/I/41uJDRzxfrL._SL500_.jpg" alt="Product Image"></a><p>4WDKING Car Air Purifier Ionizer, 12V Plug-in Car Air Freshener Gadgets with Dual USB Charger Removes Cigarette Smoke, Pet and Food Odor, Ionic Ozone (Black)</p><p>$22.99</p><a href="https://www.amazon.com/dp/B08C9LKKMM?tag=eloabder-20&linkCode=osi&th=1&psc=1">View Product</a></div><div class="product"><a href="https://www.amazon.com/dp/B07C7D366L?tag=eloabder-20&linkCode=osi&th=1&psc=1"><img src="https://m.media-amazon.com/images/I/51GvjMcOskL._SL500_.jpg" alt="Product Image"></a><p>Car Air Purifier Ionizer - 12V Plug-in Ionic Anti-Microbial Car Deodorizer with Dual USB Charger - Smoke Smell, Pet and Food Odors, Allergens, Viruses Eliminator for Car (Matte Silver)</p><p>$24.99</p><a href="https://www.amazon.com/dp/B07C7D366L?tag=eloabder-20&linkCode=osi&th=1&psc=1">View Product</a></div><div class="product"><a href="https://www.amazon.com/dp/B086H3FW7T?tag=eloabder-20&linkCode=osi&th=1&psc=1"><img src="https://m.media-amazon.com/images/I/51FfQTz4koL._SL500_.jpg" alt="Product Image"></a><p>bmbu 1000g Large Bamboo Charcoal Air Purifier Bag - Car Deodorizer/Car Freshener - Remove Odor and Control Moisture in Your RV, Camper, SUV, Car, Truck, Closet, Mobile Home, Storage - Non Fragrant</p><p>$22.99 ($0.65 / Ounce)</p><a href="https://www.amazon.com/dp/B086H3FW7T?tag=eloabder-20&linkCode=osi&th=1&psc=1">View Product</a></div><div class="product"><a href="https://www.amazon.com/dp/B019NXUJ5K?tag=eloabder-20&linkCode=osi&th=1&psc=1"><img src="https://m.media-amazon.com/images/I/31grLw6pdUL._SL500_.jpg" alt="Product Image"></a><p>PURGGO Car Air Freshener - Lasts 365+ Days No Chemicals 100% Activated Bamboo Charcoal Fragrance-Free Deodorizer, Natural Auto Odor Eliminator, Purifier, Neutralizer, Absorb Smoke Smell</p><p>$25.99</p><a href="https://www.amazon.com/dp/B019NXUJ5K?tag=eloabder-20&linkCode=osi&th=1&psc=1">View Product</a></div><div class="product"><a href="https://www.amazon.com/dp/B0CT5TBKH5?tag=eloabder-20&linkCode=osi&th=1&psc=1"><img src="https://m.media-amazon.com/images/I/41UB7n6FuwL._SL500_.jpg" alt="Product Image"></a><p>Timgle 1 Pack Car Air Freshener, Lasts 365+ Days, No Chemicals 100% Activated Bamboo Charcoal Fragrance, Free Deodorizer, Natural Auto Odor Eliminator, Purifier, Neutralizer (Khaki Strap)</p><p>$10.99</p><a href="https://www.amazon.com/dp/B0CT5TBKH5?tag=eloabder-20&linkCode=osi&th=1&psc=1">View Product</a></div><div class="product"><a href="https://www.amazon.com/dp/B00V4049K2?tag=eloabder-20&linkCode=osi&th=1&psc=1"><img src="https://m.media-amazon.com/images/I/51rLLMGOc6L._SL500_.jpg" alt="Product Image"></a><p>PURGGO Car Air Freshener - Auto Odor Eliminator - 100% Activated Bamboo Charcoal Air Purifier, Ionizer - Absorb and Remove Smoke Smell - Fragrance-Free Deodorizer - Lasts 365+ Days [Classic Beige]</p><p>$25.99</p><a href="https://www.amazon.com/dp/B00V4049K2?tag=eloabder-20&linkCode=osi&th=1&psc=1">View Product</a></div>








<div class="product"><a href="https://www.amazon.com/dp/B00RYGK12K?tag=eloabder-20&linkCode=osi&th=1&psc=1"><img src="https://m.media-amazon.com/images/I/51RdEyCkvuL._SL500_.jpg" alt="Product Image"></a><p>Little Trees Cardboard Hanging Car, Home & Office Air Freshener, Summer Linen (Pack of 12)</p><p>$11.82 ($0.98 / Count)</p><a href="https://www.amazon.com/dp/B00RYGK12K?tag=eloabder-20&linkCode=osi&th=1&psc=1">View Product</a></div><div class="product"><a href="https://www.amazon.com/dp/B00LM54ZD0?tag=eloabder-20&linkCode=osi&th=1&psc=1"><img src="https://m.media-amazon.com/images/I/41YuRNweefL._SL500_.jpg" alt="Product Image"></a><p>LITTLE TREES Air Fresheners Car Air Freshener. Hanging Tree Provides Long Lasting Scent for Auto or Home. Black Ice, 24 Air Fresheners</p><p>$20.19 ($0.84 / Count)</p><a href="https://www.amazon.com/dp/B00LM54ZD0?tag=eloabder-20&linkCode=osi&th=1&psc=1">View Product</a></div><div class="product"><a href="https://www.amazon.com/dp/B09BB4V1Y8?tag=eloabder-20&linkCode=osi&th=1&psc=1"><img src="https://m.media-amazon.com/images/I/51AKMdDLO-L._SL500_.jpg" alt="Product Image"></a><p>DRIVEJOY Car Air Freshener Vent Clips, 8 PK, 6 Ocean, 2 New Car Scent, Car Fresheners for Men Women, Up to 240 Days, Long Lasting Air Freshener for Car, Odor Eliminator</p><p>$9.98 ($9.60 / Fl Oz)</p><a href="https://www.amazon.com/dp/B09BB4V1Y8?tag=eloabder-20&linkCode=osi&th=1&psc=1">View Product</a></div><div class="product"><a href="https://www.amazon.com/dp/B078JWRLYT?tag=eloabder-20&linkCode=osi&th=1&psc=1"><img src="https://m.media-amazon.com/images/I/41shbIl-LEL._SL500_.jpg" alt="Product Image"></a><p>California Scents Air Freshener 4-Pack Car Air Freshener (Coronado Cherry)</p><p>$12.88 ($2.15 / Ounce)</p><a href="https://www.amazon.com/dp/B078JWRLYT?tag=eloabder-20&linkCode=osi&th=1&psc=1">View Product</a></div><div class="product"><a href="https://www.amazon.com/dp/B0CW4CJWW9?tag=eloabder-20&linkCode=osi&th=1&psc=1"><img src="https://m.media-amazon.com/images/I/417lKQ0MXPL._SL500_.jpg" alt="Product Image"></a><p>Karma, Essential Oil Air Freshener for Cars Set of 2, Home & Office - Colorful Decorative Hanging Air Freshener with Tassel, Buttercup Vanilla Scented</p><p>$8.40 ($4.20 / Count)</p><a href="https://www.amazon.com/dp/B0CW4CJWW9?tag=eloabder-20&linkCode=osi&th=1&psc=1">View Product</a></div><div class="product"><a href="https://www.amazon.com/dp/B00AYCXL2I?tag=eloabder-20&linkCode=osi&th=1&psc=1"><img src="https://m.media-amazon.com/images/I/5165h10nKbL._SL500_.jpg" alt="Product Image"></a><p>Febreze Car Air Fresheners, New Car Scent, Odor Eliminator for Strong Odors Car Vent Clips (2 Count)</p><p>$9.98 ($4.99 / Count)</p><a href="https://www.amazon.com/dp/B00AYCXL2I?tag=eloabder-20&linkCode=osi&th=1&psc=1">View Product</a></div><div class="product"><a href="https://www.amazon.com/dp/B01LZ0N1MJ?tag=eloabder-20&linkCode=osi&th=1&psc=1"><img src="https://m.media-amazon.com/images/I/41J5LJGof9L._SL500_.jpg" alt="Product Image"></a><p>LITTLE TREES Car Air Freshener | Hanging Paper Tree for Home or Car | New Car Scent | 12 Pack</p><p>$11.70 ($0.98 / Count)</p><a href="https://www.amazon.com/dp/B01LZ0N1MJ?tag=eloabder-20&linkCode=osi&th=1&psc=1">View Product</a></div><div class="product"><a href="https://www.amazon.com/dp/B0C2Q2VGPZ?tag=eloabder-20&linkCode=osi&th=1&psc=1"><img src="https://m.media-amazon.com/images/I/413gckSL1EL._SL500_.jpg" alt="Product Image"></a><p>Savage Disposable Card Freshener for Men | Car Scents Air Freshener with Sauvage Fragrance | Strong Car Perfume Air Freshener with Odour Eliminating Technology | Suvage by Perfa</p><p>$6.99</p><a href="https://www.amazon.com/dp/B0C2Q2VGPZ?tag=eloabder-20&linkCode=osi&th=1&psc=1">View Product</a></div>




<div class="product"><a href="https://www.amazon.com/dp/B06WVL7YSG?tag=eloabder-20&linkCode=osi&th=1&psc=1"><img src="https://m.media-amazon.com/images/I/51fO0NuM6nL._SL500_.jpg" alt="Product Image"></a><p>Meguiar's Quik Scratch Eraser Kit, Car Scratch Remover for Repairing Surface Blemishes, Car Care Kit with ScratchX, Drill-Mounted Pad, and Microfiber Towel, 3 Count</p><p>$17.97</p><a href="https://www.amazon.com/dp/B06WVL7YSG?tag=eloabder-20&linkCode=osi&th=1&psc=1">View Product</a></div><div class="product"><a href="https://www.amazon.com/dp/B00P67GSRG?tag=eloabder-20&linkCode=osi&th=1&psc=1"><img src="https://m.media-amazon.com/images/I/41R-vt8tcnL._SL500_.jpg" alt="Product Image"></a><p>Chemical Guys GAP_VKIT_16 V Line Polish and Compound Kit For Light to Heavy Swirls & Scratches (Safe for Cars, Trucks, SUVs, RVs, Motorcycles, & More) 4 - 16 fl oz Items</p><p>$69.99</p><a href="https://www.amazon.com/dp/B00P67GSRG?tag=eloabder-20&linkCode=osi&th=1&psc=1">View Product</a></div>
<div class="product"><a href="https://www.amazon.com/dp/B0BQ1CPLSQ?tag=eloabder-20&linkCode=osi&th=1&psc=1"><img src="https://m.media-amazon.com/images/I/41ikSNNgp5L._SL500_.jpg" alt="Product Image"></a><p>PROPER DETAILING CO. Car Detailing Kit Interior Cleaner, Get Professional Results - Car Interior Cleaning Kit includes 16 oz. interior cleaner, premium boars hair detail brush, and 2 microfiber towels</p><p>$23.99</p><a href="https://www.amazon.com/dp/B0BQ1CPLSQ?tag=eloabder-20&linkCode=osi&th=1&psc=1">View Product</a></div>






<div class="product"><a href="https://www.amazon.com/dp/B004VG6SWS?tag=eloabder-20&linkCode=osi&th=1&psc=1"><img src="https://m.media-amazon.com/images/I/31M54KTIo2L._SL500_.jpg" alt="Product Image"></a><p>3M Scotchgard Clear Paint Protection Bulk Film Roll 12-by-72-inches</p><p>$38.00</p><a href="https://www.amazon.com/dp/B004VG6SWS?tag=eloabder-20&linkCode=osi&th=1&psc=1">View Product</a></div><div class="product"><a href="https://www.amazon.com/dp/B073X7WF5J?tag=eloabder-20&linkCode=osi&th=1&psc=1"><img src="https://m.media-amazon.com/images/I/41PIPchJvFL._SL500_.jpg" alt="Product Image"></a><p>VViViD 3M Clear Paint Protection Vinyl Film 6 Inch x 25 Inch</p><p>$9.99</p><a href="https://www.amazon.com/dp/B073X7WF5J?tag=eloabder-20&linkCode=osi&th=1&psc=1">View Product</a></div>


<div class="product"><a href="https://www.amazon.com/dp/B0D464228M?tag=eloabder-20&linkCode=osi&th=1&psc=1"><img src="https://m.media-amazon.com/images/I/315VtBe9l-L._SL500_.jpg" alt="Product Image"></a><p>Drift Car Air Freshener - Wood Air Freshener - Car Odor Eliminator - Open Air Scent Starter Kit</p><p>$11.95</p><a href="https://www.amazon.com/dp/B0D464228M?tag=eloabder-20&linkCode=osi&th=1&psc=1">View Product</a></div>
<div class="product"><a href="https://www.amazon.com/dp/B071HR14SJ?tag=eloabder-20&linkCode=osi&th=1&psc=1"><img src="https://m.media-amazon.com/images/I/41crypCefDL._SL500_.jpg" alt="Product Image"></a><p>Meguiar's Gold Class Car Wash Soap, Ultra-Rich Car Wash Soap and Conditioner for Car Cleaning, Car Wash Soap to Clean and Condition in One Easy Step, 1 Gallon Car Wash Soap</p><p>$24.99 ($0.20 / Ounce)</p><a href="https://www.amazon.com/dp/B071HR14SJ?tag=eloabder-20&linkCode=osi&th=1&psc=1">View Product</a></div><div class="product"><a href="https://www.amazon.com/dp/B085R9L9Q9?tag=eloabder-20&linkCode=osi&th=1&psc=1"><img src="https://m.media-amazon.com/images/I/41tAv1FNbZL._SL500_.jpg" alt="Product Image"></a><p>Armor All Extreme Shield Protectant Spray , Interior Car Cleaner with UV Protection Against Cracking and Fading, 16 Fl Oz</p><p>$8.98 ($0.56 / Fl Oz)</p><a href="https://www.amazon.com/dp/B085R9L9Q9?tag=eloabder-20&linkCode=osi&th=1&psc=1">View Product</a></div><div class="product"><a href="https://www.amazon.com/dp/B016NA9Y4S?tag=eloabder-20&linkCode=osi&th=1&psc=1"><img src="https://m.media-amazon.com/images/I/31oz8VJFdjL._SL500_.jpg" alt="Product Image"></a><p>Rain-X 5079281-2 Latitude 2-In-1 Wiper Blades, 26 Inch Windshield Wipers (Pack Of 1), Automotive Replacement Windshield Wiper Blades With Patented Rain-X Water Repellency Formula</p><p>$17.08</p><a href="https://www.amazon.com/dp/B016NA9Y4S?tag=eloabder-20&linkCode=osi&th=1&psc=1">View Product</a></div><div class="product"><a href="https://www.amazon.com/dp/B0D2PCCJVK?tag=eloabder-20&linkCode=osi&th=1&psc=1"><img src="https://m.media-amazon.com/images/I/41BFT-c3a9L._SL500_.jpg" alt="Product Image"></a><p>HoogaLife Car Air Freshener Diffuser – Revitalize Your Drive with Hanging Air Freshener Diffuser Aromatic Bliss On The Go(VANILLA CREAM)</p><p>$12.99 ($24.06 / Fl Oz)</p><a href="https://www.amazon.com/dp/B0D2PCCJVK?tag=eloabder-20&linkCode=osi&th=1&psc=1">View Product</a></div><div class="product"><a href="https://www.amazon.com/dp/B0D17SKCLF?tag=eloabder-20&linkCode=osi&th=1&psc=1"><img src="https://m.media-amazon.com/images/I/51VjaK8JNmL._SL500_.jpg" alt="Product Image"></a><p>AIDEA Car Wash Mitt Microfiber, 1PK-Scratch-Free& Lint-Free, Premium Chenille Microfiber Wash Mitt-Green Regular Size (7.12''X10.14'')</p><p>$5.99</p><a href="https://www.amazon.com/dp/B0D17SKCLF?tag=eloabder-20&linkCode=osi&th=1&psc=1">View Product</a></div>








<div class="product"><a href="https://www.amazon.com/dp/B00UZE8D00?tag=eloabder-20&linkCode=osi&th=1&psc=1"><img src="https://m.media-amazon.com/images/I/517VVkgvgcL._SL500_.jpg" alt="Product Image"></a><p>Chemical Guys HOL_996 Convertible Top Cleaner and Protectant Kit, 16 oz, 2 Items</p><p>$29.99</p><a href="https://www.amazon.com/dp/B00UZE8D00?tag=eloabder-20&linkCode=osi&th=1&psc=1">View Product</a></div><div class="product"><a href="https://www.amazon.com/dp/B004HCS4NW?tag=eloabder-20&linkCode=osi&th=1&psc=1"><img src="https://m.media-amazon.com/images/I/41j5b6xRqNL._SL500_.jpg" alt="Product Image"></a><p>Meguiar's Convertible Top Cleaner - Fabric Convertible Top Cleaner and Vinyl Convertible Top Cleaner in One Advanced Formula - Safely Removes Stains, Mildew, Bird Droppings, and More, 16 Oz</p><p>$6.87 ($0.43 / Ounce)</p><a href="https://www.amazon.com/dp/B004HCS4NW?tag=eloabder-20&linkCode=osi&th=1&psc=1">View Product</a></div><div class="product"><a href="https://www.amazon.com/dp/B00UZE80N0?tag=eloabder-20&linkCode=osi&th=1&psc=1"><img src="https://m.media-amazon.com/images/I/31FG83SK9SL._SL500_.jpg" alt="Product Image"></a><p>Chemical Guys SPI_193_16 Convertible Top Protectant and Repellent, (Helps Prevent Fading & Discoloration on Fabric Sot Tops) 16 fl oz (Packaging May Vary)</p><p>$19.99 ($1.25 / Fl Oz)</p><a href="https://www.amazon.com/dp/B00UZE80N0?tag=eloabder-20&linkCode=osi&th=1&psc=1">View Product</a></div><div class="product"><a href="https://www.amazon.com/dp/B00UZE8C1A?tag=eloabder-20&linkCode=osi&th=1&psc=1"><img src="https://m.media-amazon.com/images/I/31aLnXKZxfL._SL500_.jpg" alt="Product Image"></a><p>Chemical Guys ACC_S94 Convertible Top Horse Hair Cleaning Brush, Safe for Cloth Soft Tops, Upholstery, Leather, Furniture, & More</p><p>$14.99</p><a href="https://www.amazon.com/dp/B00UZE8C1A?tag=eloabder-20&linkCode=osi&th=1&psc=1">View Product</a></div><div class="product"><a href="https://www.amazon.com/dp/B000A8JNF0?tag=eloabder-20&linkCode=osi&th=1&psc=1"><img src="https://m.media-amazon.com/images/I/51PLChiVIrL._SL500_.jpg" alt="Product Image"></a><p>303 Products Convertible Fabric Top Cleaning and Care Kit - Cleans And Protects Fabric Tops - Includes Tonneau Cover And Convertible Top Cleaner 16 fl. oz. + Fabric Guard, (30520)</p><p>$32.79 ($1.02 / Fl Oz)</p><a href="https://www.amazon.com/dp/B000A8JNF0?tag=eloabder-20&linkCode=osi&th=1&psc=1">View Product</a></div>
<div class="product"><a href="https://www.amazon.com/dp/B0BCQ1XMWV?tag=eloabder-20&linkCode=osi&th=1&psc=1"><img src="https://m.media-amazon.com/images/I/41lV6Au-S9L._SL500_.jpg" alt="Product Image"></a><p>EMITHSUN® Windshield Wiper Blades Replacement for Honda Civic Coupe 2 Door 2005-2011,That Meet OEM Quality Front Wipers Blade Set for My Car-28"+24"(Set of 2)</p><p>$19.99</p><a href="https://www.amazon.com/dp/B0BCQ1XMWV?tag=eloabder-20&linkCode=osi&th=1&psc=1">View Product</a></div>
<div class="product"><a href="https://www.amazon.com/dp/B00I8ITVZG?tag=eloabder-20&linkCode=osi&th=1&psc=1"><img src="https://m.media-amazon.com/images/I/41TXd564pcL._SL500_.jpg" alt="Product Image"></a><p>ECOGARD XC36067 Premium Cabin Air Filter Fits Hyundai Genesis 2009-2016, Equus 2011-2016 | Genesis G80 2017-2021, G90 2019-2021, GV80 2021 | Kia K900 2020</p><p>$10.98</p><a href="https://www.amazon.com/dp/B00I8ITVZG?tag=eloabder-20&linkCode=osi&th=1&psc=1">View Product</a></div>

<div class="product"><a href="https://www.amazon.com/dp/B097C3NCP1?tag=eloabder-20&linkCode=osi&th=1&psc=1"><img src="https://m.media-amazon.com/images/I/41GXST2+s6L._SL500_.jpg" alt="Product Image"></a><p>Raidbee 12 inch Rear Wiper Blade Replacement for Toyota Corolla Hatchback 2022-2019, Nissan Versa 2019-2014 Back Windshield Wiper (H306/12-B)</p><p>$6.99</p><a href="https://www.amazon.com/dp/B097C3NCP1?tag=eloabder-20&linkCode=osi&th=1&psc=1">View Product</a></div>



<div class="product"><a href="https://www.amazon.com/dp/B0CQ4MLKHJ?tag=eloabder-20&linkCode=osi&th=1&psc=1"><img src="https://m.media-amazon.com/images/I/519f8covwQL._SL500_.jpg" alt="Product Image"></a><p>Feetiger All-in-1 Fire Extinguisher for Home, Kitchen, Car, Garage, RV, Truck, Boat, Camping, Fire Spray that Tackles Multiple Types of Fire, 2pack</p><p>$39.99</p><a href="https://www.amazon.com/dp/B0CQ4MLKHJ?tag=eloabder-20&linkCode=osi&th=1&psc=1">View Product</a></div>
<div class="product"><a href="https://www.amazon.com/dp/B07TS4JV6H?tag=eloabder-20&linkCode=osi&th=1&psc=1"><img src="https://m.media-amazon.com/images/I/412htpDd6fL._SL500_.jpg" alt="Product Image"></a><p>Police Flag Air Freshener, New Car Scent, 6-Pack</p><p>$9.99 ($1.66 / Count)</p><a href="https://www.amazon.com/dp/B07TS4JV6H?tag=eloabder-20&linkCode=osi&th=1&psc=1">View Product</a></div>


<div class="product"><a href="https://www.amazon.com/dp/B009EU5ZNO?tag=eloabder-20&linkCode=osi&th=1&psc=1"><img src="https://m.media-amazon.com/images/I/515MJLZbnoL._SL500_.jpg" alt="Product Image"></a><p>J-B Weld 50133 Plastic Bonder Structural Adhesive Syringe - Tan - 25 ml</p><p>$6.98 ($8.21 / Fl Oz)</p><a href="https://www.amazon.com/dp/B009EU5ZNO?tag=eloabder-20&linkCode=osi&th=1&psc=1">View Product</a></div>



<div class="product"><a href="https://www.amazon.com/dp/B09P6YZP72?tag=eloabder-20&linkCode=osi&th=1&psc=1"><img src="https://m.media-amazon.com/images/I/416rlvu+ayL._SL500_.jpg" alt="Product Image"></a><p>AUTOBOO 26"+20" Windshield Wipers with 16" Rear Wiper Blade Replacement for Dodge Grand Caravan 2008-2012 2013 2014 2015 2016 2017 2018 2019 -Original Factory Quality (Pack of 3)</p><p>$23.99</p><a href="https://www.amazon.com/dp/B09P6YZP72?tag=eloabder-20&linkCode=osi&th=1&psc=1">View Product</a></div><div class="product"><a href="https://www.amazon.com/dp/B0BLYQBDS8?tag=eloabder-20&linkCode=osi&th=1&psc=1"><img src="https://m.media-amazon.com/images/I/51SbpSR2zBL._SL500_.jpg" alt="Product Image"></a><p>A-Premium Engine Air Filter Compatible with Chrysler Town & Country & Dodge Grand Caravan & Ram C/V & Volkswagen Routan, 2011-2020, Flexible Panel, Replace# 4861737AA</p><p>$12.99</p><a href="https://www.amazon.com/dp/B0BLYQBDS8?tag=eloabder-20&linkCode=osi&th=1&psc=1">View Product</a></div>
<div class="product"><a href="https://www.amazon.com/dp/B001FCB4JS?tag=eloabder-20&linkCode=osi&th=1&psc=1"><img src="https://m.media-amazon.com/images/I/21wq6fxqiVL._SL500_.jpg" alt="Product Image"></a><p>Dicor BT-1834-1 Butyl Seal Tape - 1/8" x 3/4" x 30' Repair Tape for RV, Trailer, Motorhome, Window, and Vent Sealing</p><p>$13.15 ($0.44 / Foot)</p><a href="https://www.amazon.com/dp/B001FCB4JS?tag=eloabder-20&linkCode=osi&th=1&psc=1">View Product</a></div>
<div class="product"><a href="https://www.amazon.com/dp/B000BUQOD6?tag=eloabder-20&linkCode=osi&th=1&psc=1"><img src="https://m.media-amazon.com/images/I/41O0CoP1L3L._SL500_.jpg" alt="Product Image"></a><p>Camco Camper/RV Toilet Paper | Sewer-Safe, Septic-Safe & Biodegradable | Designed for Camper, Trailer & Marine Sanitation Systems | 1-Ply Tissue | 4 Toilet Paper Rolls – 280 Sheets per Roll (40275)</p><p>$5.99 ($2.14 / 100 Sheets)</p><a href="https://www.amazon.com/dp/B000BUQOD6?tag=eloabder-20&linkCode=osi&th=1&psc=1">View Product</a></div><div class="product"><a href="https://www.amazon.com/dp/B007JG1W1E?tag=eloabder-20&linkCode=osi&th=1&psc=1"><img src="https://m.media-amazon.com/images/I/41i-j99E9ML._SL500_.jpg" alt="Product Image"></a><p>Camco TST Camper / RV Grey Water Odor Control - Removes Grease Buildup in Gray Water Tank, Sink & Shower Drains - 4oz Treats 40-Gal Holding Tank - Safe Septic Tank Treatment - Lemon, 64 oz (40256)</p><p>$19.94 ($0.31 / Fl Oz)</p><a href="https://www.amazon.com/dp/B007JG1W1E?tag=eloabder-20&linkCode=osi&th=1&psc=1">View Product</a></div><div class="product"><a href="https://www.amazon.com/dp/B016V2OSD0?tag=eloabder-20&linkCode=osi&th=1&psc=1"><img src="https://m.media-amazon.com/images/I/31Jm99RYVXL._SL500_.jpg" alt="Product Image"></a><p>Camco TST MAX RV Toilet Treatment Drop-INs | Control Unwanted Odors and Break Down Waste and Tissue | Septic Tank Safe | Lavender Scent | 15-pack (41559)</p><p>$11.97 ($0.80 / Count)</p><a href="https://www.amazon.com/dp/B016V2OSD0?tag=eloabder-20&linkCode=osi&th=1&psc=1">View Product</a></div>






<div class="product"><a href="https://www.amazon.com/dp/B006GJYOL0?tag=eloabder-20&linkCode=osi&th=1&psc=1"><img src="https://m.media-amazon.com/images/I/41YPjiCzDfL._SL500_.jpg" alt="Product Image"></a><p>Boat Bling HS-0128 Hot Sauce Hard Water Spot Remover, Gallon Refill, for Boats, RVs, Powersport Vehicles and More, Black,1 Gallon</p><p>$54.95 ($0.43 / Fl Oz)</p><a href="https://www.amazon.com/dp/B006GJYOL0?tag=eloabder-20&linkCode=osi&th=1&psc=1">View Product</a></div><div class="product"><a href="https://www.amazon.com/dp/B0000AXVCB?tag=eloabder-20&linkCode=osi&th=1&psc=1"><img src="https://m.media-amazon.com/images/I/51gtsDb7zDL._SL500_.jpg" alt="Product Image"></a><p>Meguiar's M4364 Marine/RV Boat Wash - 64 Oz Container</p><p>$13.99 ($0.22 / Fl Oz)</p><a href="https://www.amazon.com/dp/B0000AXVCB?tag=eloabder-20&linkCode=osi&th=1&psc=1">View Product</a></div><div class="product"><a href="https://www.amazon.com/dp/B0007TR47G?tag=eloabder-20&linkCode=osi&th=1&psc=1"><img src="https://m.media-amazon.com/images/I/41Q4SzlVojL._SL500_.jpg" alt="Product Image"></a><p>Meguiar's Flagship Premium Marine Wax, Boat Polish and Oxidation Remover - 32 Oz Bottle</p><p>$21.49</p><a href="https://www.amazon.com/dp/B0007TR47G?tag=eloabder-20&linkCode=osi&th=1&psc=1">View Product</a></div><div class="product"><a href="https://www.amazon.com/dp/B006GJYLFY?tag=eloabder-20&linkCode=osi&th=1&psc=1"><img src="https://m.media-amazon.com/images/I/31G78TSjssL._SL500_.jpg" alt="Product Image"></a><p>Boat Bling Condition Sauce Premium Interior Moisturizer w/UV Protection, 32 oz.</p><p>$27.95</p><a href="https://www.amazon.com/dp/B006GJYLFY?tag=eloabder-20&linkCode=osi&th=1&psc=1">View Product</a></div><div class="product"><a href="https://www.amazon.com/dp/B006GJYKWI?tag=eloabder-20&linkCode=osi&th=1&psc=1"><img src="https://m.media-amazon.com/images/I/41AcDanNz-L._SL500_.jpg" alt="Product Image"></a><p>Boat Bling VS-0032 Vinyl Sauce Premium Vinyl and Leather Cleaner, 32 Oz., for Boats, RVs, Powersport Vehicles and More</p><p>$22.95 ($0.72 / Fl Oz)</p><a href="https://www.amazon.com/dp/B006GJYKWI?tag=eloabder-20&linkCode=osi&th=1&psc=1">View Product</a></div>
<div class="product"><a href="https://www.amazon.com/dp/B004OJTEKK?tag=eloabder-20&linkCode=osi&th=1&psc=1"><img src="https://m.media-amazon.com/images/I/41q8kkNiKOL._SL500_.jpg" alt="Product Image"></a><p>Shurhold Yacht Brite YBP-0302 Brite Wash - 1 Gallon</p><p>$23.97 ($0.19 / Fl Oz)</p><a href="https://www.amazon.com/dp/B004OJTEKK?tag=eloabder-20&linkCode=osi&th=1&psc=1">View Product</a></div>




<div class="product"><a href="https://www.amazon.com/dp/B0B2RDZNZB?tag=eloabder-20&linkCode=osi&th=1&psc=1"><img src="https://m.media-amazon.com/images/I/51RVSUoRuGL._SL500_.jpg" alt="Product Image"></a><p>Fancemot Helicopter Car Air Fresheners Rotating Solar Car Fresheners Airplane Car Perfume (Osmanthus & Vanilla)</p><p>$14.08</p><a href="https://www.amazon.com/dp/B0B2RDZNZB?tag=eloabder-20&linkCode=osi&th=1&psc=1">View Product</a></div><div class="product"><a href="https://www.amazon.com/dp/B0994PG1ZD?tag=eloabder-20&linkCode=osi&th=1&psc=1"><img src="https://m.media-amazon.com/images/I/413er0A8cVS._SL500_.jpg" alt="Product Image"></a><p>NICEADA Car Air Freshener, Helicopter Solar Energy Rotating Aromatherapy Aviation Al Alloy Diffuser, Interior Decoration Accessories Diffuser for Car and Home (Silver)</p><p>$23.99</p><a href="https://www.amazon.com/dp/B0994PG1ZD?tag=eloabder-20&linkCode=osi&th=1&psc=1">View Product</a></div><div class="product"><a href="https://www.amazon.com/dp/B09ZTMZKSJ?tag=eloabder-20&linkCode=osi&th=1&psc=1"><img src="https://m.media-amazon.com/images/I/41rz5PydC9L._SL500_.jpg" alt="Product Image"></a><p>Air Freshener, Gigicloud Car Fragrance Diffuser Solar Rotating Automotive Air Fresheners Ornament Helicopter Shape Solid Aromatherapy Decoration for Car and Home (Black)</p><p>$15.49</p><a href="https://www.amazon.com/dp/B09ZTMZKSJ?tag=eloabder-20&linkCode=osi&th=1&psc=1">View Product</a></div><div class="product"><a href="https://www.amazon.com/dp/B0CWNNPCD3?tag=eloabder-20&linkCode=osi&th=1&psc=1"><img src="https://m.media-amazon.com/images/I/51nznnJJhfL._SL500_.jpg" alt="Product Image"></a><p>Car Air Freshener Diffuser, KaiDengZhe 1PCS Helicopter Solar Energy Rotating Aromatherapy Aviation Al Alloy Diffuser, Car Diffuser for Essential Oils, Relieve Stress and Purifie Odors for Car and Home</p><p>$15.99</p><a href="https://www.amazon.com/dp/B0CWNNPCD3?tag=eloabder-20&linkCode=osi&th=1&psc=1">View Product</a></div><div class="product"><a href="https://www.amazon.com/dp/B0B8T47G65?tag=eloabder-20&linkCode=osi&th=1&psc=1"><img src="https://m.media-amazon.com/images/I/41d6cgVheqL._SL500_.jpg" alt="Product Image"></a><p>Joyfunky Car Air Fresheners with Solar Rotating, Creative Car Perfume Decoration, Relieve Stress and Purifie Odors, Use at Car, office and Home, Silver</p><p>$12.99</p><a href="https://www.amazon.com/dp/B0B8T47G65?tag=eloabder-20&linkCode=osi&th=1&psc=1">View Product</a></div><div class="product"><a href="https://www.amazon.com/dp/B0D4ZHJVK8?tag=eloabder-20&linkCode=osi&th=1&psc=1"><img src="https://m.media-amazon.com/images/I/41sEhsjtb4L._SL500_.jpg" alt="Product Image"></a><p>NICEADA Helicopter Solar Car Air Freshener Refill Set, Solar Essential Oil Refill Perfume Oil for Car Air Fresheners(4 Packs)</p><p>$21.99 ($24.99 / Fl Oz)</p><a href="https://www.amazon.com/dp/B0D4ZHJVK8?tag=eloabder-20&linkCode=osi&th=1&psc=1">View Product</a></div><div class="product"><a href="https://www.amazon.com/dp/B0D251XW47?tag=eloabder-20&linkCode=osi&th=1&psc=1"><img src="https://m.media-amazon.com/images/I/41x6lmNq9fL._SL500_.jpg" alt="Product Image"></a><p>Helicopter Car Air Fresheners with Solar Rotating, Creative Car Perfume Decoration, Car Airplane Fragrance Diffuser for Car, Home, Office (Silver)</p><p>$13.09</p><a href="https://www.amazon.com/dp/B0D251XW47?tag=eloabder-20&linkCode=osi&th=1&psc=1">View Product</a></div>

<div class="product"><a href="https://www.amazon.com/dp/B0D4154TQG?tag=eloabder-20&linkCode=osi&th=1&psc=1"><img src="https://m.media-amazon.com/images/I/217Iw-nO3UL._SL500_.jpg" alt="Product Image"></a><p>RV Curtain Glide Tape A115, 1/2 Inch Glides Clear RV Curtain Strip Curtain Slide Tape 72 Inches Long Use with Ceiling or Wall Mount Curtain Track A201 A202 (2 Pack)</p><p>$17.99</p><a href="https://www.amazon.com/dp/B0D4154TQG?tag=eloabder-20&linkCode=osi&th=1&psc=1">View Product</a></div>
<div class="product"><a href="https://www.amazon.com/dp/B08W4PQN8L?tag=eloabder-20&linkCode=osi&th=1&psc=1"><img src="https://m.media-amazon.com/images/I/41udmrd6QTL._SL500_.jpg" alt="Product Image"></a><p>Hot Air Balloon Novelty Air Freshener for Car - Sandalwood Scented Automotive Accessory New Mexico Souvenir Gift (Pack of 4)</p><p>$7.99 ($2.00 / Count)</p><a href="https://www.amazon.com/dp/B08W4PQN8L?tag=eloabder-20&linkCode=osi&th=1&psc=1">View Product</a></div>















<div class="product"><a href="https://www.amazon.com/dp/B0CP87K2VD?tag=eloabder-20&linkCode=osi&th=1&psc=1"><img src="https://m.media-amazon.com/images/I/41dTH4OPkcL._SL500_.jpg" alt="Product Image"></a><p>For harley air cleaner filter Touring street glide road king electra tri trike Dyna Sportster XL 883 1200 Softail air intake (Drift style -Contrast Cut, C-For Touring 08-16, Softail 16-17)</p><p>$125.00</p><a href="https://www.amazon.com/dp/B0CP87K2VD?tag=eloabder-20&linkCode=osi&th=1&psc=1">View Product</a></div><div class="product"><a href="https://www.amazon.com/dp/B08DNLNY3G?tag=eloabder-20&linkCode=osi&th=1&psc=1"><img src="https://m.media-amazon.com/images/I/51baNj3o8CL._SL500_.jpg" alt="Product Image"></a><p>2963308 HD1508 Ultra Classic Air Filter Cleaner for 2008-2014 Harley Davidson Street Glide, Electra Glide, Road King, Road Glide Custom, Ultra Classic and other select models HD-1508</p><p>$21.99</p><a href="https://www.amazon.com/dp/B08DNLNY3G?tag=eloabder-20&linkCode=osi&th=1&psc=1">View Product</a></div><div class="product"><a href="https://www.amazon.com/dp/B0CQ2KKC3N?tag=eloabder-20&linkCode=osi&th=1&psc=1"><img src="https://m.media-amazon.com/images/I/31W2a0gAwIL._SL500_.jpg" alt="Product Image"></a><p>High-Flo Replacement Air Filter Element For Ventilator - Milwaukee-Eight Engine '18-later Softail and '17-later Touring and Trike Models Equipped with 114 Air Cleaner</p><p>$39.99</p><a href="https://www.amazon.com/dp/B0CQ2KKC3N?tag=eloabder-20&linkCode=osi&th=1&psc=1">View Product</a></div><div class="product"><a href="https://www.amazon.com/dp/B0CPJ5BSGM?tag=eloabder-20&linkCode=osi&th=1&psc=1"><img src="https://m.media-amazon.com/images/I/41cUadnGKpL._SL500_.jpg" alt="Product Image"></a><p>For harley air cleaner filter sportster street road glide king for harley davidson motorcycle air intake (Nake style -Black, A-For Sportster XL models)</p><p>$169.00</p><a href="https://www.amazon.com/dp/B0CPJ5BSGM?tag=eloabder-20&linkCode=osi&th=1&psc=1">View Product</a></div><div class="product"><a href="https://www.amazon.com/dp/B0CR17NS1M?tag=eloabder-20&linkCode=osi&th=1&psc=1"><img src="https://m.media-amazon.com/images/I/41n57oM0A-L._SL500_.jpg" alt="Product Image"></a><p>For harley air cleaner filter Sportster Softail Touring street road king glide Dyna for harley davidson air intake filters (Speed 7 style -gray filter, C-For Touring 08-16, Softail 16-17)</p><p>$89.00</p><a href="https://www.amazon.com/dp/B0CR17NS1M?tag=eloabder-20&linkCode=osi&th=1&psc=1">View Product</a></div><div class="product"><a href="https://www.amazon.com/dp/B0CR167HDN?tag=eloabder-20&linkCode=osi&th=1&psc=1"><img src="https://m.media-amazon.com/images/I/41o4byfzbRL._SL500_.jpg" alt="Product Image"></a><p>For harley davidson air cleaner filter sportster Touring street glide road king electra Dyna Softail motorcycle air intake (Chromed- gray filter, C-For Touring 2008-2016)</p><p>$99.00</p><a href="https://www.amazon.com/dp/B0CR167HDN?tag=eloabder-20&linkCode=osi&th=1&psc=1">View Product</a></div>







<div class="product"><a href="https://www.amazon.com/dp/B08WH8CWDM?tag=eloabder-20&linkCode=osi&th=1&psc=1"><img src="https://m.media-amazon.com/images/I/41Jj3ouB+1L._SL500_.jpg" alt="Product Image"></a><p>Glaze 'N Seal Color Enhancer Paver Sealer, 1 Gallon (923)</p><p>$62.99</p><a href="https://www.amazon.com/dp/B08WH8CWDM?tag=eloabder-20&linkCode=osi&th=1&psc=1">View Product</a></div>

<div class="product"><a href="https://www.amazon.com/dp/B0B58G8WRX?tag=eloabder-20&linkCode=osi&th=1&psc=1"><img src="https://m.media-amazon.com/images/I/41hjxJMTGJL._SL500_.jpg" alt="Product Image"></a><p>Solarhome Air Filter 333-D2696 333D2696 Compatible with JCB Backhoe Loader 3CX 4CX Telehandler 531-70</p><p>$34.50</p><a href="https://www.amazon.com/dp/B0B58G8WRX?tag=eloabder-20&linkCode=osi&th=1&psc=1">View Product</a></div>




<div class="product"><a href="https://www.amazon.com/dp/B07G7XG6BV?tag=eloabder-20&linkCode=osi&th=1&psc=1"><img src="https://m.media-amazon.com/images/I/510tZGutn6L._SL500_.jpg" alt="Product Image"></a><p>Holikme 6Pack Cleaning Brush Power Scrubber Cleaning Brush Extended Long Attachment Set All Purpose Scrub Brushes Kit for Grout, Floor, Tub, Shower, Tile, Bathroom,Car Cleaning Brush，Yellow</p><p>$6.95</p><a href="https://www.amazon.com/dp/B07G7XG6BV?tag=eloabder-20&linkCode=osi&th=1&psc=1">View Product</a></div>



<div class="product"><a href="https://www.amazon.com/dp/B000FW2NWQ?tag=eloabder-20&linkCode=osi&th=1&psc=1"><img src="https://m.media-amazon.com/images/I/31VlBDw7uDL._SL500_.jpg" alt="Product Image"></a><p>Performance Tool W233 12-Inch Long Reach Extension Scraper with 3pc Double Edged Plastic Razor Scraper Blades and 3pc Carbon Steel Razor Scraper Blades</p><p>$10.31</p><a href="https://www.amazon.com/dp/B000FW2NWQ?tag=eloabder-20&linkCode=osi&th=1&psc=1">View Product</a></div>
<div class="product"><a href="https://www.amazon.com/dp/B0BV2CQ5SW?tag=eloabder-20&linkCode=osi&th=1&psc=1"><img src="https://m.media-amazon.com/images/I/51VkTDjGg4L._SL500_.jpg" alt="Product Image"></a><p>Filterelated Mixed Bed Deionized Di Resin Filter Fill, Suitable For Spotless Car Wash System Filter Change, Tds Filter, Aquarium Filter, Deionized Car Wash,5 Liters</p><p>$49.99</p><a href="https://www.amazon.com/dp/B0BV2CQ5SW?tag=eloabder-20&linkCode=osi&th=1&psc=1">View Product</a></div><div class="product"><a href="https://www.amazon.com/dp/B01MRVQ9UE?tag=eloabder-20&linkCode=osi&th=1&psc=1"><img src="https://m.media-amazon.com/images/I/51+i6fjU6tL._SL500_.jpg" alt="Product Image"></a><p>Husqvarna XP Pre-Mixed Fuel and Engine Oil Quart (3 Pack),Blue</p><p>$32.99 ($0.34 / Count)</p><a href="https://www.amazon.com/dp/B01MRVQ9UE?tag=eloabder-20&linkCode=osi&th=1&psc=1">View Product</a></div>




<div class="product"><a href="https://www.amazon.com/dp/B01N2G2NEJ?tag=eloabder-20&linkCode=osi&th=1&psc=1"><img src="https://m.media-amazon.com/images/I/41-5g4zEDpL._SL500_.jpg" alt="Product Image"></a><p>Chemical Guys SPI10816 Heavy Duty Water Spot Remover, Safe for Cars, Trucks, Motorcycles, RVs & More, 16 fl oz</p><p>$17.97 ($1.12 / Fl Oz)</p><a href="https://www.amazon.com/dp/B01N2G2NEJ?tag=eloabder-20&linkCode=osi&th=1&psc=1">View Product</a></div>









<div class="product"><a href="https://www.amazon.com/dp/B08YRVH2QV?tag=eloabder-20&linkCode=osi&th=1&psc=1"><img src="https://m.media-amazon.com/images/I/5164O-Jr2QL._SL500_.jpg" alt="Product Image"></a><p>Thetford AquaMAX Summer Cypress Scent RV Holding Tank Treatment, Formaldehyde Free, Waste Digester, Septic Tank Safe, 5 Gallon Bottle (96754)</p><p>$248.18</p><a href="https://www.amazon.com/dp/B08YRVH2QV?tag=eloabder-20&linkCode=osi&th=1&psc=1">View Product</a></div><div class="product"><a href="https://www.amazon.com/dp/B0BPMW7485?tag=eloabder-20&linkCode=osi&th=1&psc=1"><img src="https://m.media-amazon.com/images/I/51WNuQeew7L._SL500_.jpg" alt="Product Image"></a><p>XFasten Butyl Tape Black 1/2” x 30’ x 1/8" Butyl Sealant Tape Headlight Sealant Putty Tape | Black Butyl Caulking Tape | Butyl Tape RV Putty Tape EPDM Automotive Butyl Rubber Window Sealant for RV</p><p>$13.99 ($0.47 / Foot)</p><a href="https://www.amazon.com/dp/B0BPMW7485?tag=eloabder-20&linkCode=osi&th=1&psc=1">View Product</a></div>
<div class="product"><a href="https://www.amazon.com/dp/B006DXWZQU?tag=eloabder-20&linkCode=osi&th=1&psc=1"><img src="https://m.media-amazon.com/images/I/41wtqfFFfQL._SL500_.jpg" alt="Product Image"></a><p>FRAM Ultra Synthetic Automotive Replacement Oil Filter, Designed for Synthetic Oil Changes Lasting up to 20k Miles, XG10575 with SureGrip (Pack of 1)</p><p>$10.79</p><a href="https://www.amazon.com/dp/B006DXWZQU?tag=eloabder-20&linkCode=osi&th=1&psc=1">View Product</a></div><div class="product"><a href="https://www.amazon.com/dp/B01LH7L0XA?tag=eloabder-20&linkCode=osi&th=1&psc=1"><img src="https://m.media-amazon.com/images/I/41yD3QmbyZL._SL500_.jpg" alt="Product Image"></a><p>Shell Rotella T4 Triple Protection Conventional 15W-40 Diesel Engine Oil (1-Gallon, Single Pack)</p><p>$15.98 ($0.12 / Fl Oz)</p><a href="https://www.amazon.com/dp/B01LH7L0XA?tag=eloabder-20&linkCode=osi&th=1&psc=1">View Product</a></div><div class="product"><a href="https://www.amazon.com/dp/B00ICSWGJ0?tag=eloabder-20&linkCode=osi&th=1&psc=1"><img src="https://m.media-amazon.com/images/I/41Ahz5dVc5L._SL500_.jpg" alt="Product Image"></a><p>Castrol Edge 5W-30 Advanced Full Synthetic Motor Oil, 5 Quarts</p><p>$24.72 ($0.15 / Fl Oz)</p><a href="https://www.amazon.com/dp/B00ICSWGJ0?tag=eloabder-20&linkCode=osi&th=1&psc=1">View Product</a></div><div class="product"><a href="https://www.amazon.com/dp/B01N8RPDT8?tag=eloabder-20&linkCode=osi&th=1&psc=1"><img src="https://m.media-amazon.com/images/I/41Qm+9e8sCL._SL500_.jpg" alt="Product Image"></a><p>Motorcraft - Oil - Engine (XO10W305Q3SD)</p><p>$32.27</p><a href="https://www.amazon.com/dp/B01N8RPDT8?tag=eloabder-20&linkCode=osi&th=1&psc=1">View Product</a></div>
<div class="product"><a href="https://www.amazon.com/dp/B07FTRZLM5?tag=eloabder-20&linkCode=osi&th=1&psc=1"><img src="https://m.media-amazon.com/images/I/416uoNYOsXL._SL500_.jpg" alt="Product Image"></a><p>Chemical Guys HOL126 14-Piece Arsenal Builder Car Wash Kit with Foam Gun, Bucket, and (5) 16 oz Car Care Cleaning Chemicals, Gift for Car & Truck Lovers, Dads and DIYers (Works w/Garden Hose)</p><p>$119.99</p><a href="https://www.amazon.com/dp/B07FTRZLM5?tag=eloabder-20&linkCode=osi&th=1&psc=1">View Product</a></div><div class="product"><a href="https://www.amazon.com/dp/B0741RL23Q?tag=eloabder-20&linkCode=osi&th=1&psc=1"><img src="https://m.media-amazon.com/images/I/410wwKZBYVL._SL500_.jpg" alt="Product Image"></a><p>Chemical Guys SPI220 Total Interior Cleaner and Protectant, Safe for Cars, Trucks, SUVs, Jeeps, Motorcycles, RVs & More, 128 fl oz (1 Gallon)</p><p>$54.99 ($0.43 / Fl Oz)</p><a href="https://www.amazon.com/dp/B0741RL23Q?tag=eloabder-20&linkCode=osi&th=1&psc=1">View Product</a></div><div class="product"><a href="https://www.amazon.com/dp/B002J7VX4Y?tag=eloabder-20&linkCode=osi&th=1&psc=1"><img src="https://m.media-amazon.com/images/I/41oijnffQ0L._SL500_.jpg" alt="Product Image"></a><p>Chemical Guys AIR_101_16 New Car Smell Premium Air Freshener and Odor Eliminator, Long-Lasting Scent, Great for Cars, Trucks, SUVs, RVs & More, 16 fl oz</p><p>$10.99 ($0.69 / Fl Oz)</p><a href="https://www.amazon.com/dp/B002J7VX4Y?tag=eloabder-20&linkCode=osi&th=1&psc=1">View Product</a></div><div class="product"><a href="https://www.amazon.com/dp/B077TPG55M?tag=eloabder-20&linkCode=osi&th=1&psc=1"><img src="https://m.media-amazon.com/images/I/51aYksYRthL._SL500_.jpg" alt="Product Image"></a><p>Chemical Guys CWS20264 Tough Mudder Foaming Truck, Off Road, ATV and RV Heavy Duty Wash Soap,(Works with Foam Cannons, Foam Guns or Bucket Washes), 64 fl oz (Half Gallon), Lemon Scent</p><p>$39.99 ($0.62 / Fl Oz)</p><a href="https://www.amazon.com/dp/B077TPG55M?tag=eloabder-20&linkCode=osi&th=1&psc=1">View Product</a></div><div class="product"><a href="https://www.amazon.com/dp/B00BJCAPEE?tag=eloabder-20&linkCode=osi&th=1&psc=1"><img src="https://m.media-amazon.com/images/I/416RIPKVW1L._SL500_.jpg" alt="Product Image"></a><p>Chemical Guys CWS_402 Mr. Pink Foaming Car Wash Soap (Works with Foam Cannons, Foam Guns or Bucket Washes) Safe for Cars, Trucks, Motorcycles, RVs & More, 128 fl oz, Candy Scent</p><p>$39.99 ($0.31 / Fl Oz)</p><a href="https://www.amazon.com/dp/B00BJCAPEE?tag=eloabder-20&linkCode=osi&th=1&psc=1">View Product</a></div><div class="product"><a href="https://www.amazon.com/dp/B01C6AISUK?tag=eloabder-20&linkCode=osi&th=1&psc=1"><img src="https://m.media-amazon.com/images/I/41FrDCDPB6S._SL500_.jpg" alt="Product Image"></a><p>Chemical Guys CLD_700_16 Mat Renew Rubber + Vinyl Floor Mat Cleaner And Protectant, Safe for Cars, Trucks, SUVs, Motorcycles, RVs & More, 16 fl oz</p><p>$10.99 ($0.69 / Fl Oz)</p><a href="https://www.amazon.com/dp/B01C6AISUK?tag=eloabder-20&linkCode=osi&th=1&psc=1">View Product</a></div><div class="product"><a href="https://www.amazon.com/dp/B01N76S0A7?tag=eloabder-20&linkCode=osi&th=1&psc=1"><img src="https://m.media-amazon.com/images/I/51jurhYPCgL._SL500_.jpg" alt="Product Image"></a><p>Chemical Guys HOL131 Premium Chenille Microfiber Car Wash Mop and Heavy Duty Extendable Pole Kit (Great for RVs, Trucks, SUVs, Jeeps & Large Vehicles), With Mr. Pink Foaming Car Wash Soap - 4 fl oz</p><p>$49.99</p><a href="https://www.amazon.com/dp/B01N76S0A7?tag=eloabder-20&linkCode=osi&th=1&psc=1">View Product</a></div><div class="product"><a href="https://www.amazon.com/dp/B009OTW646?tag=eloabder-20&linkCode=osi&th=1&psc=1"><img src="https://m.media-amazon.com/images/I/41lG36UqLBL._SL500_.jpg" alt="Product Image"></a><p>Chemical Guys CWS 110 Honeydew Snow Foam Car Wash Soap (Works with Foam Cannons, Guns or Bucket Washes) Safe for Trucks, Motorcycles, RVs & More, 128 fl oz (1 Gallon), Honeydew Scent</p><p>$39.99 ($0.31 / Fl Oz)</p><a href="https://www.amazon.com/dp/B009OTW646?tag=eloabder-20&linkCode=osi&th=1&psc=1">View Product</a></div><div class="product"><a href="https://www.amazon.com/dp/B08P54Z2C2?tag=eloabder-20&linkCode=osi&th=1&psc=1"><img src="https://m.media-amazon.com/images/I/41Ra65iS2OL._SL500_.jpg" alt="Product Image"></a><p>Chemical Guys WAC23316 HydroSpeed Ceramic Quick Detailer, Safe for Cars, Trucks, SUVs, Motorcycles, RVs & More, 16 fl oz</p><p>$24.99</p><a href="https://www.amazon.com/dp/B08P54Z2C2?tag=eloabder-20&linkCode=osi&th=1&psc=1">View Product</a></div>
<div class="product"><a href="https://www.amazon.com/dp/B0C7WLPQC7?tag=eloabder-20&linkCode=osi&th=1&psc=1"><img src="https://m.media-amazon.com/images/I/41hJeSxsSWL._SL500_.jpg" alt="Product Image"></a><p>Detail King Car Odor Removal - Chlorine Dioxide Cup - Extreme Odor Eliminator For Car - Safe And Easy To Use (3 Oz (Pack of 1) - Plastic)</p><p>$24.95 ($8.32 / Ounce)</p><a href="https://www.amazon.com/dp/B0C7WLPQC7?tag=eloabder-20&linkCode=osi&th=1&psc=1">View Product</a></div>

<div class="product"><a href="https://www.amazon.com/dp/B0052XFWCG?tag=eloabder-20&linkCode=osi&th=1&psc=1"><img src="https://m.media-amazon.com/images/I/41qajeJVXLL._SL500_.jpg" alt="Product Image"></a><p>Hot Shot's Secret HSS64Z Original Stiction Eliminator 64 Fluid Ounce Bottle, Green</p><p>$53.45 ($0.84 / Fl Oz)</p><a href="https://www.amazon.com/dp/B0052XFWCG?tag=eloabder-20&linkCode=osi&th=1&psc=1">View Product</a></div><div class="product"><a href="https://www.amazon.com/dp/B009M64CAW?tag=eloabder-20&linkCode=osi&th=1&psc=1"><img src="https://m.media-amazon.com/images/I/417D8X0nkBL._SL500_.jpg" alt="Product Image"></a><p>Lucas Oil 10679 Hot Rod & Classic Car SAE 10W-30 Motor Oil - 5 Quart</p><p>$38.50 ($0.24 / Fl Oz)</p><a href="https://www.amazon.com/dp/B009M64CAW?tag=eloabder-20&linkCode=osi&th=1&psc=1">View Product</a></div><div class="product"><a href="https://www.amazon.com/dp/B01L9ARY9O?tag=eloabder-20&linkCode=osi&th=1&psc=1"><img src="https://m.media-amazon.com/images/I/51yaZAYH75L._SL500_.jpg" alt="Product Image"></a><p>FPPF Chemical Co 00161 16 OZ HOT 4-in-1 Heating Oil Treatment (2 Bottles)</p><p>$26.42</p><a href="https://www.amazon.com/dp/B01L9ARY9O?tag=eloabder-20&linkCode=osi&th=1&psc=1">View Product</a></div><div class="product"><a href="https://www.amazon.com/dp/B009M64CUM?tag=eloabder-20&linkCode=osi&th=1&psc=1"><img src="https://m.media-amazon.com/images/I/41yiWaF8YQL._SL500_.jpg" alt="Product Image"></a><p>Lucas Oil 10683 Hot Rod & Classic Car SAE 10W-40 Motor Oil - 5 Quart</p><p>$43.24 ($0.27 / Fl Oz)</p><a href="https://www.amazon.com/dp/B009M64CUM?tag=eloabder-20&linkCode=osi&th=1&psc=1">View Product</a></div><div class="product"><a href="https://www.amazon.com/dp/B0973HNRH9?tag=eloabder-20&linkCode=osi&th=1&psc=1"><img src="https://m.media-amazon.com/images/I/41kyGGJa--L._SL500_.jpg" alt="Product Image"></a><p>Hot Shot's Secret FR3 Friction Reducer 64 Fluid Ounce 2 Quarts, Light Yellow Liquid, (HSSFR364Z)</p><p>$59.73 ($0.93 / Fl Oz)</p><a href="https://www.amazon.com/dp/B0973HNRH9?tag=eloabder-20&linkCode=osi&th=1&psc=1">View Product</a></div><div class="product"><a href="https://www.amazon.com/dp/B082YFQQ25?tag=eloabder-20&linkCode=osi&th=1&psc=1"><img src="https://m.media-amazon.com/images/I/511PTX7LlZL._SL500_.jpg" alt="Product Image"></a><p>Hot Shot's Secret Green Diamond 100 Percent Synthetic 15W40 Oil Diesel 1 Gallon</p><p>$39.99 ($0.31 / Fl Oz)</p><a href="https://www.amazon.com/dp/B082YFQQ25?tag=eloabder-20&linkCode=osi&th=1&psc=1">View Product</a></div>















<div class="product"><a href="https://www.amazon.com/dp/B08PTMXCJL?tag=eloabder-20&linkCode=osi&th=1&psc=1"><img src="https://m.media-amazon.com/images/I/410eJv-7UHL._SL500_.jpg" alt="Product Image"></a><p>Moly Grease | 3% Molybdenum Disulfide | Fifth Wheel | 5th | Automotive | Tractor | Axle | Spline | CV Joint | Lithium EP Grease | High Temp | 35 LB Pail Bucket | Black Moly | NLGI 2 | HeavyDuty Moly</p><p>$174.99 ($0.31 / Ounce)</p><a href="https://www.amazon.com/dp/B08PTMXCJL?tag=eloabder-20&linkCode=osi&th=1&psc=1">View Product</a></div><div class="product"><a href="https://www.amazon.com/dp/B08PTHJTK5?tag=eloabder-20&linkCode=osi&th=1&psc=1"><img src="https://m.media-amazon.com/images/I/41VdMjJ38aL._SL500_.jpg" alt="Product Image"></a><p>Wheel Bearing Grease Pail | Lithium Complex | High Temp EP | CV Joint | Axle | Automotive | Tractor | Truck | Ball Joint | Marine Boat | Gear | Heavy Duty | Blue | 35 LB Bucket | NLGI 2 | MultiPurpose</p><p>$167.99 ($0.30 / Ounce)</p><a href="https://www.amazon.com/dp/B08PTHJTK5?tag=eloabder-20&linkCode=osi&th=1&psc=1">View Product</a></div><div class="product"><a href="https://www.amazon.com/dp/B0013J1UA6?tag=eloabder-20&linkCode=osi&th=1&psc=1"><img src="https://m.media-amazon.com/images/I/41G0Fkf7KnL._SL500_.jpg" alt="Product Image"></a><p>CRC Food Grade Chain Lube 03055 – 12 Wt. Oz. Aerosol, NSF H1 Gear, Chain, and Wire Lubricant</p><p>$19.25 ($1.60 / Ounce)</p><a href="https://www.amazon.com/dp/B0013J1UA6?tag=eloabder-20&linkCode=osi&th=1&psc=1">View Product</a></div>





<div class="product"><a href="https://www.amazon.com/dp/B08GQ9G2V5?tag=eloabder-20&linkCode=osi&th=1&psc=1"><img src="https://m.media-amazon.com/images/I/511+rapOlWL._SL500_.jpg" alt="Product Image"></a><p>Armor All Car Air Freshener and Purifier, Car Odor Eliminator, 1.5 Ounce (Pack of 3)</p><p>$21.21 ($4.71 / Ounce)</p><a href="https://www.amazon.com/dp/B08GQ9G2V5?tag=eloabder-20&linkCode=osi&th=1&psc=1">View Product</a></div>







<div class="product"><a href="https://www.amazon.com/dp/B001229JCU?tag=eloabder-20&linkCode=osi&th=1&psc=1"><img src="https://m.media-amazon.com/images/I/31W6FuKPMcL._SL500_.jpg" alt="Product Image"></a><p>First Alert EZ Fire Spray, Extinguishing Aerosol Spray, AF400 Red 18 Ounce (Pack of 1)</p><p>$12.49</p><a href="https://www.amazon.com/dp/B001229JCU?tag=eloabder-20&linkCode=osi&th=1&psc=1">View Product</a></div><div class="product"><a href="https://www.amazon.com/dp/B002U0KGDY?tag=eloabder-20&linkCode=osi&th=1&psc=1"><img src="https://m.media-amazon.com/images/I/51p6R+mcRhL._SL500_.jpg" alt="Product Image"></a><p>First Alert EZ Fire Spray, Extinguishing Aerosol Spray, Pack of 2, AF400-2, RED</p><p>$27.02</p><a href="https://www.amazon.com/dp/B002U0KGDY?tag=eloabder-20&linkCode=osi&th=1&psc=1">View Product</a></div>
<div class="product"><a href="https://www.amazon.com/dp/B0088LVBUQ?tag=eloabder-20&linkCode=osi&th=1&psc=1"><img src="https://m.media-amazon.com/images/I/31h7l-l6u2L._SL500_.jpg" alt="Product Image"></a><p>Seymour EN-59 Hi-Tech Engine Spray Paint, General Motors Red</p><p>$9.08 ($0.76 / Ounce)</p><a href="https://www.amazon.com/dp/B0088LVBUQ?tag=eloabder-20&linkCode=osi&th=1&psc=1">View Product</a></div>




<div class="product"><a href="https://www.amazon.com/dp/B000HBNU9K?tag=eloabder-20&linkCode=osi&th=1&psc=1"><img src="https://m.media-amazon.com/images/I/41URzfKaVsL._SL500_.jpg" alt="Product Image"></a><p>Permatex 27828 Body Shop Heavy Duty Headliner Adhesive, High-Strength Spray Adhesive, Repair Detached Or Loose Interior Parts, Dries Clear, Aerosol Can, 16.75 Oz</p><p>$17.05 ($1.02 / Ounce)</p><a href="https://www.amazon.com/dp/B000HBNU9K?tag=eloabder-20&linkCode=osi&th=1&psc=1">View Product</a></div><div class="product"><a href="https://www.amazon.com/dp/B001VXXEXU?tag=eloabder-20&linkCode=osi&th=1&psc=1"><img src="https://m.media-amazon.com/images/I/5112onMwzaL._SL500_.jpg" alt="Product Image"></a><p>Vibra-TITE 213 Red VC-3 Original Threadmate, 250ml Can</p><p>$99.19</p><a href="https://www.amazon.com/dp/B001VXXEXU?tag=eloabder-20&linkCode=osi&th=1&psc=1">View Product</a></div><div class="product"><a href="https://www.amazon.com/dp/B0CWPSLTR1?tag=eloabder-20&linkCode=osi&th=1&psc=1"><img src="https://m.media-amazon.com/images/I/31ytleZjjaL._SL500_.jpg" alt="Product Image"></a><p>P & S PROFESSIONAL DETAIL PRODUCTS - Terminator Enzyme Spot and Stain Remover - Perfect for Deodorizing, Removing Embedded Soils, Grease, Dirt, and Protein-Based Stains; Fresh Scent (1 Quart)</p><p>$25.95 ($0.81 / Fl Oz)</p><a href="https://www.amazon.com/dp/B0CWPSLTR1?tag=eloabder-20&linkCode=osi&th=1&psc=1">View Product</a></div><div class="product"><a href="https://www.amazon.com/dp/B07GFNQL9H?tag=eloabder-20&linkCode=osi&th=1&psc=1"><img src="https://m.media-amazon.com/images/I/41AA3Nbt8OL._SL500_.jpg" alt="Product Image"></a><p>Gunk FEB1 Foamy Engine Brite Engine Cleaner - 17oz. 2 Pack</p><p>$17.95 ($0.53 / Ounce)</p><a href="https://www.amazon.com/dp/B07GFNQL9H?tag=eloabder-20&linkCode=osi&th=1&psc=1">View Product</a></div>



<div class="product"><a href="https://www.amazon.com/dp/B003SKCARK?tag=eloabder-20&linkCode=osi&th=1&psc=1"><img src="https://m.media-amazon.com/images/I/41rvU5irgRL._SL500_.jpg" alt="Product Image"></a><p>Obenauf's Heavy Duty LP Leather Preservative (4oz)- All Natural Beeswax Oil Conditioner- Rejuvenate Restore & Preserve Sunfaded or Cracked Boots Jackets Saddles Car Auto Upholstery Furniture- USA Made</p><p>$15.99</p><a href="https://www.amazon.com/dp/B003SKCARK?tag=eloabder-20&linkCode=osi&th=1&psc=1">View Product</a></div>
Aucun résultat trouvé.

<div class="product"><a href="https://www.amazon.com/dp/B0CLWDDWHX?tag=eloabder-20&linkCode=osi&th=1&psc=1"><img src="https://m.media-amazon.com/images/I/51HPMtia03L._SL500_.jpg" alt="Product Image"></a><p>Fire Fix Fire Extinguisher for Home 5-Pack | Made in USA | Emergency Fire Spray Foam for Apartment, Boat, Camping, Car, House, Kitchen & Vehicle | Safety & Survival | Compact, Small, Safe & Easy Use</p><p>$56.95</p><a href="https://www.amazon.com/dp/B0CLWDDWHX?tag=eloabder-20&linkCode=osi&th=1&psc=1">View Product</a></div><div class="product"><a href="https://www.amazon.com/dp/B0CKZF9H3D?tag=eloabder-20&linkCode=osi&th=1&psc=1"><img src="https://m.media-amazon.com/images/I/41+Q4YdByuL._SL500_.jpg" alt="Product Image"></a><p>Firexo All Fires Fire Extinguisher - Multipurpose Mini Aerosol - Pack of 6 - Home, Kitchen, Car, Garage, Boat, Caravan, Camping Household, ABC, Vehicle, Compact, RV, Emergency Equipment (0.1 Gal)</p><p>$139.99</p><a href="https://www.amazon.com/dp/B0CKZF9H3D?tag=eloabder-20&linkCode=osi&th=1&psc=1">View Product</a></div>
Aucun résultat trouvé.
Aucun résultat trouvé.






<div class="product"><a href="https://www.amazon.com/dp/B00FOKOKMU?tag=eloabder-20&linkCode=osi&th=1&psc=1"><img src="https://m.media-amazon.com/images/I/41KsUW-6WOL._SL500_.jpg" alt="Product Image"></a><p>The Original Leather Recoloring Balm by Furniture Clinic - 16 Colors - Leather Repair Kit for Furniture - Restore Couches, Car Seats & More - Leather Dye for Scratched and Faded Leather (Beige)</p><p>$29.95</p><a href="https://www.amazon.com/dp/B00FOKOKMU?tag=eloabder-20&linkCode=osi&th=1&psc=1">View Product</a></div>


<div class="product"><a href="https://www.amazon.com/dp/B0BQX6CPLS?tag=eloabder-20&linkCode=osi&th=1&psc=1"><img src="https://m.media-amazon.com/images/I/51OtuHOIJpL._SL500_.jpg" alt="Product Image"></a><p>Dry Stop Fire Spray by Prepared Hero - 8 Pack - Portable Fire Extinguisher for Home, Car, Garage, Kitchen - Works on Electrical, Grease, Battery Fires & More - Compact, Easy to Use</p><p>$143.99</p><a href="https://www.amazon.com/dp/B0BQX6CPLS?tag=eloabder-20&linkCode=osi&th=1&psc=1">View Product</a></div><div class="product"><a href="https://www.amazon.com/dp/B0BQX76B9K?tag=eloabder-20&linkCode=osi&th=1&psc=1"><img src="https://m.media-amazon.com/images/I/51iHCSuHw5L._SL500_.jpg" alt="Product Image"></a><p>Vapor Clean Fire Spray by Prepared Hero - 8 Pack - Portable Fire Extinguisher for Home, Car, Garage, Kitchen - Works on Electrical, Grease, Battery Fires & More - Compact, Easy to Use</p><p>$143.99</p><a href="https://www.amazon.com/dp/B0BQX76B9K?tag=eloabder-20&linkCode=osi&th=1&psc=1">View Product</a></div><div class="product"><a href="https://www.amazon.com/dp/B0C32NVZJZ?tag=eloabder-20&linkCode=osi&th=1&psc=1"><img src="https://m.media-amazon.com/images/I/61coxTM3mSL._SL500_.jpg" alt="Product Image"></a><p>Houandg Water-Based Fire Extinguisher- 2 Pack Portable Solution for All Fire Types in Homes, Vehicles, Kitchens - Prevents Re-Ignition</p><p>$33.98</p><a href="https://www.amazon.com/dp/B0C32NVZJZ?tag=eloabder-20&linkCode=osi&th=1&psc=1">View Product</a></div>
<div class="product"><a href="https://www.amazon.com/dp/B00L3W1OAO?tag=eloabder-20&linkCode=osi&th=1&psc=1"><img src="https://m.media-amazon.com/images/I/414uILMLuaL._SL500_.jpg" alt="Product Image"></a><p>Pro F/X Rubber Mask Grease Wheel - 1 Ounce - Trauma</p><p>$27.01</p><a href="https://www.amazon.com/dp/B00L3W1OAO?tag=eloabder-20&linkCode=osi&th=1&psc=1">View Product</a></div>
<div class="product"><a href="https://www.amazon.com/dp/B0CZ16SHCH?tag=eloabder-20&linkCode=osi&th=1&psc=1"><img src="https://m.media-amazon.com/images/I/31pYxaz4gYL._SL500_.jpg" alt="Product Image"></a><p>P & S PROFESSIONAL DETAIL PRODUCTS - Rehab - Paint Correction Creme Safe for All Paint Types and with Multiple pad Types - Easy-to-use-Formula Works at Any Stage of Paint Correction - 1 Quart</p><p>$56.95</p><a href="https://www.amazon.com/dp/B0CZ16SHCH?tag=eloabder-20&linkCode=osi&th=1&psc=1">View Product</a></div><div class="product"><a href="https://www.amazon.com/dp/B082BG8HLX?tag=eloabder-20&linkCode=osi&th=1&psc=1"><img src="https://m.media-amazon.com/images/I/31OAXbv7QFL._SL500_.jpg" alt="Product Image"></a><p>Lithium Auto Elixirs Color Crush- A rather intense approach to an Instant Detailer, Infused with color enhancing technology - Extremely Hydrophobic ingredients, long lasting Instant Detailer</p><p>$19.95 ($1.25 / Fl Oz)</p><a href="https://www.amazon.com/dp/B082BG8HLX?tag=eloabder-20&linkCode=osi&th=1&psc=1">View Product</a></div><div class="product"><a href="https://www.amazon.com/dp/B07MTPWZ76?tag=eloabder-20&linkCode=osi&th=1&psc=1"><img src="https://m.media-amazon.com/images/I/41v5yubrqoL._SL500_.jpg" alt="Product Image"></a><p>Lithium Seal and Squeal Paint Sealant/Polish - Incredible Shine and Lasting Protection - Curable Amino Functional Polymers Fused with Si02 Ceramic Nano Technology -Lasts for up to 12 Months (16 oz)</p><p>$39.99 ($2.50 / Ounce)</p><a href="https://www.amazon.com/dp/B07MTPWZ76?tag=eloabder-20&linkCode=osi&th=1&psc=1">View Product</a></div><div class="product"><a href="https://www.amazon.com/dp/B07MVNX377?tag=eloabder-20&linkCode=osi&th=1&psc=1"><img src="https://m.media-amazon.com/images/I/31gEqFf7rhL._SL500_.jpg" alt="Product Image"></a><p>Leather Love - The Best Leather Conditioner On The Planet, Brings Old Leather Back To Life, All Natural Ingredients Mixed With Serious Science, Restores, Rehydrates, Protects (8oz)</p><p>$28.99 ($3.62 / Ounce)</p><a href="https://www.amazon.com/dp/B07MVNX377?tag=eloabder-20&linkCode=osi&th=1&psc=1">View Product</a></div><div class="product"><a href="https://www.amazon.com/dp/B07MTQP514?tag=eloabder-20&linkCode=osi&th=1&psc=1"><img src="https://m.media-amazon.com/images/I/311IYwH-oaL._SL500_.jpg" alt="Product Image"></a><p>Trim Serum- Plastic Restorer- Restores Even the Most Damaged Plastic, Rubber and Vinyl, Last For Months, Penetrates Plastic Pores Restoring Color. (16 Oz)</p><p>$36.99</p><a href="https://www.amazon.com/dp/B07MTQP514?tag=eloabder-20&linkCode=osi&th=1&psc=1">View Product</a></div><div class="product"><a href="https://www.amazon.com/dp/B07236X7TS?tag=eloabder-20&linkCode=osi&th=1&psc=1"><img src="https://m.media-amazon.com/images/I/51-mgxYD9kL._SL500_.jpg" alt="Product Image"></a><p>Skidmore's Biker Edition Leather Cream | All Natural Formula Cleans, Conditions, and Protects your Motorcycle | Made in USA</p><p>$44.98</p><a href="https://www.amazon.com/dp/B07236X7TS?tag=eloabder-20&linkCode=osi&th=1&psc=1">View Product</a></div><div class="product"><a href="https://www.amazon.com/dp/B001CS6HH4?tag=eloabder-20&linkCode=osi&th=1&psc=1"><img src="https://m.media-amazon.com/images/I/41wY0SB+DWL._SL500_.jpg" alt="Product Image"></a><p>Fiebing's Yellow Saddle Soap for Leather (3.5 oz Tin) - Leather Cleaner & Conditioner to Soften, Protect & Restore Leathercraft - Leather Soap for Car Seat, Couch, Shoe, Purse, Boot, Bag, & Saddles</p><p>$7.15 ($2.04 / Ounce)</p><a href="https://www.amazon.com/dp/B001CS6HH4?tag=eloabder-20&linkCode=osi&th=1&psc=1">View Product</a></div><div class="product"><a href="https://www.amazon.com/dp/B08RHZ1BKD?tag=eloabder-20&linkCode=osi&th=1&psc=1"><img src="https://m.media-amazon.com/images/I/21WKh31c4tL._SL500_.jpg" alt="Product Image"></a><p>Lithium Ignite After Wash - Conditions and Shines Surfaces as You Dry. Streak-Free Hydrophobic Formula adds Lubrication to Stop Micro Scratching While Surfaces pop with Color.</p><p>$21.99 ($1.37 / Fl Oz)</p><a href="https://www.amazon.com/dp/B08RHZ1BKD?tag=eloabder-20&linkCode=osi&th=1&psc=1">View Product</a></div><div class="product"><a href="https://www.amazon.com/dp/B0003A1T3E?tag=eloabder-20&linkCode=osi&th=1&psc=1"><img src="https://m.media-amazon.com/images/I/41042PKJ1ZL._SL500_.jpg" alt="Product Image"></a><p>URAD One step All-In-One Leather conditioner 140g - NEUTRAL</p><p>$16.13</p><a href="https://www.amazon.com/dp/B0003A1T3E?tag=eloabder-20&linkCode=osi&th=1&psc=1">View Product</a></div>

<div class="product"><a href="https://www.amazon.com/dp/B0B3NFH3QY?tag=eloabder-20&linkCode=osi&th=1&psc=1"><img src="https://m.media-amazon.com/images/I/51sKVZnP-WL._SL500_.jpg" alt="Product Image"></a><p>Little Joe 96427-6PK I Love Hockey New Car Scent Red Car Air Freshener A/C Vent Clip Uses Alcohol-Free Fragrance Oil is Non-Hazardous and Non-Toxic Plastic, Pack of 6</p><p>$21.99 ($3.66 / Count)</p><a href="https://www.amazon.com/dp/B0B3NFH3QY?tag=eloabder-20&linkCode=osi&th=1&psc=1">View Product</a></div><div class="product"><a href="https://www.amazon.com/dp/B072275K82?tag=eloabder-20&linkCode=osi&th=1&psc=1"><img src="https://m.media-amazon.com/images/I/41wDnF6SiAL._SL500_.jpg" alt="Product Image"></a><p>Little Joe 96404-6PK Fruit Scent, Car Air Freshener, Clips to A/C Air Vent, Alcohol-Free Fragrance Oil, Non-Hazardous and Non-Toxic Plastic, Set of 6</p><p>$16.60 ($2.77 / Count)</p><a href="https://www.amazon.com/dp/B072275K82?tag=eloabder-20&linkCode=osi&th=1&psc=1">View Product</a></div><div class="product"><a href="https://www.amazon.com/dp/B0CQPQ2S4W?tag=eloabder-20&linkCode=osi&th=1&psc=1"><img src="https://m.media-amazon.com/images/I/31iRknmvjeL._SL500_.jpg" alt="Product Image"></a><p>Little Pup 96613 Blue Raspberry Slushy Scent Car Air Freshener A/C Vent Clip Uses Alcohol-Free Fragrance Oil is Non Hazardous and Non Toxic, Pack of 1</p><p>$3.94</p><a href="https://www.amazon.com/dp/B0CQPQ2S4W?tag=eloabder-20&linkCode=osi&th=1&psc=1">View Product</a></div><div class="product"><a href="https://www.amazon.com/dp/B0CQPNMTM4?tag=eloabder-20&linkCode=osi&th=1&psc=1"><img src="https://m.media-amazon.com/images/I/41eEovL+zML._SL500_.jpg" alt="Product Image"></a><p>Little Joe 96414-6PK Orange Creamsicle Scent Car Air Freshener A/C Vent Clip Uses Alcohol-Free Fragrance Oil is Non-Hazardous and Non-Toxic Plastic, Pack of 6</p><p>$25.99 ($4.33 / Count)</p><a href="https://www.amazon.com/dp/B0CQPNMTM4?tag=eloabder-20&linkCode=osi&th=1&psc=1">View Product</a></div><div class="product"><a href="https://www.amazon.com/dp/B0CH9KNNZN?tag=eloabder-20&linkCode=osi&th=1&psc=1"><img src="https://m.media-amazon.com/images/I/41jX66PGMTL._SL500_.jpg" alt="Product Image"></a><p>TAKAVU Clay Bars Auto Detailing 2 Pack X 100g, Premium Grade Material, Magic Clay Bar Cleaner for Cars, RV, Boat and Bus (Grey)</p><p>$9.99</p><a href="https://www.amazon.com/dp/B0CH9KNNZN?tag=eloabder-20&linkCode=osi&th=1&psc=1">View Product</a></div>

<div class="product"><a href="https://www.amazon.com/dp/B004UM6DLE?tag=eloabder-20&linkCode=osi&th=1&psc=1"><img src="https://m.media-amazon.com/images/I/314nawyx6sL._SL500_.jpg" alt="Product Image"></a><p>CARPRO IronX Iron Remover: Stops Rust Spots and Pre-Mature Failure of The Clear Coat, Iron Contaminant Removal - 500mL with Sprayer (17oz)</p><p>$26.78</p><a href="https://www.amazon.com/dp/B004UM6DLE?tag=eloabder-20&linkCode=osi&th=1&psc=1">View Product</a></div><div class="product"><a href="https://www.amazon.com/dp/B01HXZXO98?tag=eloabder-20&linkCode=osi&th=1&psc=1"><img src="https://m.media-amazon.com/images/I/41Ne9OfQGzL._SL500_.jpg" alt="Product Image"></a><p>Chemical Guys CWS80316 Clean Slate Deep Surface Cleaning Car Wash Soap (Removes Old Car Waxes, Glazes & Sealants for Superior Surface Prep), 16 fl oz, Citrus Scent</p><p>$11.99 ($0.75 / Fl Oz)</p><a href="https://www.amazon.com/dp/B01HXZXO98?tag=eloabder-20&linkCode=osi&th=1&psc=1">View Product</a></div><div class="product"><a href="https://www.amazon.com/dp/B07C39H9YX?tag=eloabder-20&linkCode=osi&th=1&psc=1"><img src="https://m.media-amazon.com/images/I/31yK3Vb5xWL._SL500_.jpg" alt="Product Image"></a><p>Adam's Polishes Iron Remover (16oz) - Iron Out Fallout Rust Remover Spray for Car Detailing | Remove Iron Particles in Car Paint, Motorcycle, RV & Boat | Use Before Clay Bar, Car Wax or Car Wash</p><p>$16.99</p><a href="https://www.amazon.com/dp/B07C39H9YX?tag=eloabder-20&linkCode=osi&th=1&psc=1">View Product</a></div><div class="product"><a href="https://www.amazon.com/dp/B0BTJ9DJM5?tag=eloabder-20&linkCode=osi&th=1&psc=1"><img src="https://m.media-amazon.com/images/I/41tNMqlDrxL._SL500_.jpg" alt="Product Image"></a><p>Torque Detail Decon Wash Pack - Decontamination Soap 8oz + Wash Mitt - Surface Strip Wash Car Shampoo - Highly Absorbent Microfiber Chenille Car Wash Mitt Safely Cleans Your Vehicles Entire Surface</p><p>$24.95 ($3.12 / Fl Oz)</p><a href="https://www.amazon.com/dp/B0BTJ9DJM5?tag=eloabder-20&linkCode=osi&th=1&psc=1">View Product</a></div><div class="product"><a href="https://www.amazon.com/dp/B013K5V9PQ?tag=eloabder-20&linkCode=osi&th=1&psc=1"><img src="https://m.media-amazon.com/images/I/41V3rm6NlZL._SL500_.jpg" alt="Product Image"></a><p>CARPRO PolyShave Decon Towel - Car Detailing Clay Decontamination Faster than Clay Bar, Clean & Release of Paint Contaminants and Glass - Increase Wax and Sealant Bond - 12" x 12" (1 Pack)</p><p>$39.97</p><a href="https://www.amazon.com/dp/B013K5V9PQ?tag=eloabder-20&linkCode=osi&th=1&psc=1">View Product</a></div><div class="product"><a href="https://www.amazon.com/dp/B0B788NBWG?tag=eloabder-20&linkCode=osi&th=1&psc=1"><img src="https://m.media-amazon.com/images/I/51NDfAOuEmL._SL500_.jpg" alt="Product Image"></a><p>P & S Professional Detail Products - Clay Decontamination Towel - Effective Cleaning & Release of Paint Contaminants; Increase Wax & Sealant Bond; Enhance Gloss & Depth of Color; Fine Grade-12" x 12"</p><p>$34.95</p><a href="https://www.amazon.com/dp/B0B788NBWG?tag=eloabder-20&linkCode=osi&th=1&psc=1">View Product</a></div><div class="product"><a href="https://www.amazon.com/dp/B0B27TFK69?tag=eloabder-20&linkCode=osi&th=1&psc=1"><img src="https://m.media-amazon.com/images/I/41zJPQIcqeL._SL500_.jpg" alt="Product Image"></a><p>The Rag Company - Ultra Clay Decontamination Mitt - Easy to Use; Effective Cleaning & Release of Paint Contaminants; Increase Wax & Sealant Bond; Enhance Gloss &Color Depth; Fine Grade (8.7"x5.7")</p><p>$34.95</p><a href="https://www.amazon.com/dp/B0B27TFK69?tag=eloabder-20&linkCode=osi&th=1&psc=1">View Product</a></div><div class="product"><a href="https://www.amazon.com/dp/B0C6XBN14N?tag=eloabder-20&linkCode=osi&th=1&psc=1"><img src="https://m.media-amazon.com/images/I/31BSavOJ89L._SL500_.jpg" alt="Product Image"></a><p>3D Iron Remover GLW Series | DIY Car Detailing | Hyper Effective Wheel Decontamination | Removes Iron Particles, Dirt, Brake Dust | Rapid Results | Ultimate Iron & Surface Contaminate Eliminator, 16oz</p><p>$17.99</p><a href="https://www.amazon.com/dp/B0C6XBN14N?tag=eloabder-20&linkCode=osi&th=1&psc=1">View Product</a></div>







<div class="product"><a href="https://www.amazon.com/dp/B0D2SPCW3G?tag=eloabder-20&linkCode=osi&th=1&psc=1"><img src="https://m.media-amazon.com/images/I/41JYIg6xqqL._SL500_.jpg" alt="Product Image"></a><p>Crankcase Ventilation Oil Separator with Gasket Compatible for 2008-2014 Volvo Mack D13 D16 MP8 Engine Replace 21122541 20499419</p><p>$155.99</p><a href="https://www.amazon.com/dp/B0D2SPCW3G?tag=eloabder-20&linkCode=osi&th=1&psc=1">View Product</a></div>

<div class="product"><a href="https://www.amazon.com/dp/B0C6M2FHGX?tag=eloabder-20&linkCode=osi&th=1&psc=1"><img src="https://m.media-amazon.com/images/I/21wWRrpHdbL._SL500_.jpg" alt="Product Image"></a><p>eMagTech 9PCS Warning Sign Please No Smoking Vaping Food Drink Stickers 110x50mm Self-Adhesive Vinyl Window Decal for Car Taxis Buses Minibuses</p><p>$9.49</p><a href="https://www.amazon.com/dp/B0C6M2FHGX?tag=eloabder-20&linkCode=osi&th=1&psc=1">View Product</a></div>

Aucun résultat trouvé.

<div class="product"><a href="https://www.amazon.com/dp/B0CVWZZMRY?tag=eloabder-20&linkCode=osi&th=1&psc=1"><img src="https://m.media-amazon.com/images/I/512y-1GwQNL._SL500_.jpg" alt="Product Image"></a><p>Jewkot 4 PCS Car Wiper Strip, 28" Boneless Structure Car Windshield Cleaning Wiper Strip, DIY Length Auxiliary Cleaning Replacement Accessory, Suitable for Most Cars, Vans, Trucks, Buses (Black)</p><p>$5.58</p><a href="https://www.amazon.com/dp/B0CVWZZMRY?tag=eloabder-20&linkCode=osi&th=1&psc=1">View Product</a></div>
<div class="product"><a href="https://www.amazon.com/dp/B07L3VQC6W?tag=eloabder-20&linkCode=osi&th=1&psc=1"><img src="https://m.media-amazon.com/images/I/41GebP+2HYL._SL500_.jpg" alt="Product Image"></a><p>BRISA VW Collection Volkswagen Air Freshener, Room Freshener, Deodorizer for Cars T1 Bus Campervan Motif (Citrus/Yellow/Set of 2)</p><p>$13.90 ($6.95 / Count)</p><a href="https://www.amazon.com/dp/B07L3VQC6W?tag=eloabder-20&linkCode=osi&th=1&psc=1">View Product</a></div><div class="product"><a href="https://www.amazon.com/dp/B07L3V86JS?tag=eloabder-20&linkCode=osi&th=1&psc=1"><img src="https://m.media-amazon.com/images/I/41TblWhKhQL._SL500_.jpg" alt="Product Image"></a><p>BRISA VW Collection Volkswagen Air Freshener, Room Freshener, Deodorizer for Cars T1 Bus Campervan Motif (New Car/Green/Set of 2)</p><p>$13.90 ($6.95 / Count)</p><a href="https://www.amazon.com/dp/B07L3V86JS?tag=eloabder-20&linkCode=osi&th=1&psc=1">View Product</a></div>


Aucun résultat trouvé.










<div class="product"><a href="https://www.amazon.com/dp/B099HL5SV2?tag=eloabder-20&linkCode=osi&th=1&psc=1"><img src="https://m.media-amazon.com/images/I/31kcR8HnylL._SL500_.jpg" alt="Product Image"></a><p>Philips GoPure GP5212 High Performance HEPA Air Purifier for Car, Removes up to 100 Pollutants, Exhaust Fumes, VOCs, Smoke, Bad Odors, Bacteria and Viruses</p><p>$77.59</p><a href="https://www.amazon.com/dp/B099HL5SV2?tag=eloabder-20&linkCode=osi&th=1&psc=1">View Product</a></div><div class="product"><a href="https://www.amazon.com/dp/B07TB419F7?tag=eloabder-20&linkCode=osi&th=1&psc=1"><img src="https://m.media-amazon.com/images/I/41l9XK-u-eL._SL500_.jpg" alt="Product Image"></a><p>Enoch Ionic Car Air Purifier with Dual USB Car Charger. Car Air Freshener Eliminates Odor, Dust. Removes Smoke, Pet and Food Odor. Ionic Ozone Car Deodorizer (Matt Black)</p><p>$24.50</p><a href="https://www.amazon.com/dp/B07TB419F7?tag=eloabder-20&linkCode=osi&th=1&psc=1">View Product</a></div><div class="product"><a href="https://www.amazon.com/dp/B08C9LKKMM?tag=eloabder-20&linkCode=osi&th=1&psc=1"><img src="https://m.media-amazon.com/images/I/41uJDRzxfrL._SL500_.jpg" alt="Product Image"></a><p>4WDKING Car Air Purifier Ionizer, 12V Plug-in Car Air Freshener Gadgets with Dual USB Charger Removes Cigarette Smoke, Pet and Food Odor, Ionic Ozone (Black)</p><p>$22.99</p><a href="https://www.amazon.com/dp/B08C9LKKMM?tag=eloabder-20&linkCode=osi&th=1&psc=1">View Product</a></div><div class="product"><a href="https://www.amazon.com/dp/B07C7D366L?tag=eloabder-20&linkCode=osi&th=1&psc=1"><img src="https://m.media-amazon.com/images/I/51GvjMcOskL._SL500_.jpg" alt="Product Image"></a><p>Car Air Purifier Ionizer - 12V Plug-in Ionic Anti-Microbial Car Deodorizer with Dual USB Charger - Smoke Smell, Pet and Food Odors, Allergens, Viruses Eliminator for Car (Matte Silver)</p><p>$24.99</p><a href="https://www.amazon.com/dp/B07C7D366L?tag=eloabder-20&linkCode=osi&th=1&psc=1">View Product</a></div><div class="product"><a href="https://www.amazon.com/dp/B086H3FW7T?tag=eloabder-20&linkCode=osi&th=1&psc=1"><img src="https://m.media-amazon.com/images/I/51FfQTz4koL._SL500_.jpg" alt="Product Image"></a><p>bmbu 1000g Large Bamboo Charcoal Air Purifier Bag - Car Deodorizer/Car Freshener - Remove Odor and Control Moisture in Your RV, Camper, SUV, Car, Truck, Closet, Mobile Home, Storage - Non Fragrant</p><p>$22.99 ($0.65 / Ounce)</p><a href="https://www.amazon.com/dp/B086H3FW7T?tag=eloabder-20&linkCode=osi&th=1&psc=1">View Product</a></div><div class="product"><a href="https://www.amazon.com/dp/B019NXUJ5K?tag=eloabder-20&linkCode=osi&th=1&psc=1"><img src="https://m.media-amazon.com/images/I/31grLw6pdUL._SL500_.jpg" alt="Product Image"></a><p>PURGGO Car Air Freshener - Lasts 365+ Days No Chemicals 100% Activated Bamboo Charcoal Fragrance-Free Deodorizer, Natural Auto Odor Eliminator, Purifier, Neutralizer, Absorb Smoke Smell</p><p>$25.99</p><a href="https://www.amazon.com/dp/B019NXUJ5K?tag=eloabder-20&linkCode=osi&th=1&psc=1">View Product</a></div><div class="product"><a href="https://www.amazon.com/dp/B0CT5TBKH5?tag=eloabder-20&linkCode=osi&th=1&psc=1"><img src="https://m.media-amazon.com/images/I/41UB7n6FuwL._SL500_.jpg" alt="Product Image"></a><p>Timgle 1 Pack Car Air Freshener, Lasts 365+ Days, No Chemicals 100% Activated Bamboo Charcoal Fragrance, Free Deodorizer, Natural Auto Odor Eliminator, Purifier, Neutralizer (Khaki Strap)</p><p>$10.99</p><a href="https://www.amazon.com/dp/B0CT5TBKH5?tag=eloabder-20&linkCode=osi&th=1&psc=1">View Product</a></div><div class="product"><a href="https://www.amazon.com/dp/B00V4049K2?tag=eloabder-20&linkCode=osi&th=1&psc=1"><img src="https://m.media-amazon.com/images/I/51rLLMGOc6L._SL500_.jpg" alt="Product Image"></a><p>PURGGO Car Air Freshener - Auto Odor Eliminator - 100% Activated Bamboo Charcoal Air Purifier, Ionizer - Absorb and Remove Smoke Smell - Fragrance-Free Deodorizer - Lasts 365+ Days [Classic Beige]</p><p>$25.99</p><a href="https://www.amazon.com/dp/B00V4049K2?tag=eloabder-20&linkCode=osi&th=1&psc=1">View Product</a></div>








<div class="product"><a href="https://www.amazon.com/dp/B00RYGK12K?tag=eloabder-20&linkCode=osi&th=1&psc=1"><img src="https://m.media-amazon.com/images/I/51RdEyCkvuL._SL500_.jpg" alt="Product Image"></a><p>Little Trees Cardboard Hanging Car, Home & Office Air Freshener, Summer Linen (Pack of 12)</p><p>$11.82 ($0.98 / Count)</p><a href="https://www.amazon.com/dp/B00RYGK12K?tag=eloabder-20&linkCode=osi&th=1&psc=1">View Product</a></div><div class="product"><a href="https://www.amazon.com/dp/B00LM54ZD0?tag=eloabder-20&linkCode=osi&th=1&psc=1"><img src="https://m.media-amazon.com/images/I/41YuRNweefL._SL500_.jpg" alt="Product Image"></a><p>LITTLE TREES Air Fresheners Car Air Freshener. Hanging Tree Provides Long Lasting Scent for Auto or Home. Black Ice, 24 Air Fresheners</p><p>$20.19 ($0.84 / Count)</p><a href="https://www.amazon.com/dp/B00LM54ZD0?tag=eloabder-20&linkCode=osi&th=1&psc=1">View Product</a></div><div class="product"><a href="https://www.amazon.com/dp/B09BB4V1Y8?tag=eloabder-20&linkCode=osi&th=1&psc=1"><img src="https://m.media-amazon.com/images/I/51AKMdDLO-L._SL500_.jpg" alt="Product Image"></a><p>DRIVEJOY Car Air Freshener Vent Clips, 8 PK, 6 Ocean, 2 New Car Scent, Car Fresheners for Men Women, Up to 240 Days, Long Lasting Air Freshener for Car, Odor Eliminator</p><p>$9.98 ($9.60 / Fl Oz)</p><a href="https://www.amazon.com/dp/B09BB4V1Y8?tag=eloabder-20&linkCode=osi&th=1&psc=1">View Product</a></div><div class="product"><a href="https://www.amazon.com/dp/B078JWRLYT?tag=eloabder-20&linkCode=osi&th=1&psc=1"><img src="https://m.media-amazon.com/images/I/41shbIl-LEL._SL500_.jpg" alt="Product Image"></a><p>California Scents Air Freshener 4-Pack Car Air Freshener (Coronado Cherry)</p><p>$12.88 ($2.15 / Ounce)</p><a href="https://www.amazon.com/dp/B078JWRLYT?tag=eloabder-20&linkCode=osi&th=1&psc=1">View Product</a></div><div class="product"><a href="https://www.amazon.com/dp/B0CW4CJWW9?tag=eloabder-20&linkCode=osi&th=1&psc=1"><img src="https://m.media-amazon.com/images/I/417lKQ0MXPL._SL500_.jpg" alt="Product Image"></a><p>Karma, Essential Oil Air Freshener for Cars Set of 2, Home & Office - Colorful Decorative Hanging Air Freshener with Tassel, Buttercup Vanilla Scented</p><p>$8.40 ($4.20 / Count)</p><a href="https://www.amazon.com/dp/B0CW4CJWW9?tag=eloabder-20&linkCode=osi&th=1&psc=1">View Product</a></div><div class="product"><a href="https://www.amazon.com/dp/B00AYCXL2I?tag=eloabder-20&linkCode=osi&th=1&psc=1"><img src="https://m.media-amazon.com/images/I/5165h10nKbL._SL500_.jpg" alt="Product Image"></a><p>Febreze Car Air Fresheners, New Car Scent, Odor Eliminator for Strong Odors Car Vent Clips (2 Count)</p><p>$9.98 ($4.99 / Count)</p><a href="https://www.amazon.com/dp/B00AYCXL2I?tag=eloabder-20&linkCode=osi&th=1&psc=1">View Product</a></div><div class="product"><a href="https://www.amazon.com/dp/B01LZ0N1MJ?tag=eloabder-20&linkCode=osi&th=1&psc=1"><img src="https://m.media-amazon.com/images/I/41J5LJGof9L._SL500_.jpg" alt="Product Image"></a><p>LITTLE TREES Car Air Freshener | Hanging Paper Tree for Home or Car | New Car Scent | 12 Pack</p><p>$11.70 ($0.98 / Count)</p><a href="https://www.amazon.com/dp/B01LZ0N1MJ?tag=eloabder-20&linkCode=osi&th=1&psc=1">View Product</a></div><div class="product"><a href="https://www.amazon.com/dp/B0C2Q2VGPZ?tag=eloabder-20&linkCode=osi&th=1&psc=1"><img src="https://m.media-amazon.com/images/I/413gckSL1EL._SL500_.jpg" alt="Product Image"></a><p>Savage Disposable Card Freshener for Men | Car Scents Air Freshener with Sauvage Fragrance | Strong Car Perfume Air Freshener with Odour Eliminating Technology | Suvage by Perfa</p><p>$6.99</p><a href="https://www.amazon.com/dp/B0C2Q2VGPZ?tag=eloabder-20&linkCode=osi&th=1&psc=1">View Product</a></div>




<div class="product"><a href="https://www.amazon.com/dp/B06WVL7YSG?tag=eloabder-20&linkCode=osi&th=1&psc=1"><img src="https://m.media-amazon.com/images/I/51fO0NuM6nL._SL500_.jpg" alt="Product Image"></a><p>Meguiar's Quik Scratch Eraser Kit, Car Scratch Remover for Repairing Surface Blemishes, Car Care Kit with ScratchX, Drill-Mounted Pad, and Microfiber Towel, 3 Count</p><p>$17.97</p><a href="https://www.amazon.com/dp/B06WVL7YSG?tag=eloabder-20&linkCode=osi&th=1&psc=1">View Product</a></div><div class="product"><a href="https://www.amazon.com/dp/B00P67GSRG?tag=eloabder-20&linkCode=osi&th=1&psc=1"><img src="https://m.media-amazon.com/images/I/41R-vt8tcnL._SL500_.jpg" alt="Product Image"></a><p>Chemical Guys GAP_VKIT_16 V Line Polish and Compound Kit For Light to Heavy Swirls & Scratches (Safe for Cars, Trucks, SUVs, RVs, Motorcycles, & More) 4 - 16 fl oz Items</p><p>$69.99</p><a href="https://www.amazon.com/dp/B00P67GSRG?tag=eloabder-20&linkCode=osi&th=1&psc=1">View Product</a></div>
<div class="product"><a href="https://www.amazon.com/dp/B0BQ1CPLSQ?tag=eloabder-20&linkCode=osi&th=1&psc=1"><img src="https://m.media-amazon.com/images/I/41ikSNNgp5L._SL500_.jpg" alt="Product Image"></a><p>PROPER DETAILING CO. Car Detailing Kit Interior Cleaner, Get Professional Results - Car Interior Cleaning Kit includes 16 oz. interior cleaner, premium boars hair detail brush, and 2 microfiber towels</p><p>$23.99</p><a href="https://www.amazon.com/dp/B0BQ1CPLSQ?tag=eloabder-20&linkCode=osi&th=1&psc=1">View Product</a></div>






<div class="product"><a href="https://www.amazon.com/dp/B004VG6SWS?tag=eloabder-20&linkCode=osi&th=1&psc=1"><img src="https://m.media-amazon.com/images/I/31M54KTIo2L._SL500_.jpg" alt="Product Image"></a><p>3M Scotchgard Clear Paint Protection Bulk Film Roll 12-by-72-inches</p><p>$38.00</p><a href="https://www.amazon.com/dp/B004VG6SWS?tag=eloabder-20&linkCode=osi&th=1&psc=1">View Product</a></div><div class="product"><a href="https://www.amazon.com/dp/B073X7WF5J?tag=eloabder-20&linkCode=osi&th=1&psc=1"><img src="https://m.media-amazon.com/images/I/41PIPchJvFL._SL500_.jpg" alt="Product Image"></a><p>VViViD 3M Clear Paint Protection Vinyl Film 6 Inch x 25 Inch</p><p>$9.99</p><a href="https://www.amazon.com/dp/B073X7WF5J?tag=eloabder-20&linkCode=osi&th=1&psc=1">View Product</a></div>

<div class="product"><a href="https://www.amazon.com/dp/B09VLKQY83?tag=eloabder-20&linkCode=osi&th=1&psc=1"><img src="https://m.media-amazon.com/images/I/41HrqrTIGUL._SL500_.jpg" alt="Product Image"></a><p>Charcoal 2PLY Nano Ceramic 20% VLT Car Tint 36 in x 25 FT Professional Window Tint Heat, UV 99%, and IRR 85% to 90% Tint for Cars or Building Adhesive Film Easy Shrink, Plotter Friendly</p><p>$56.95 ($0.76 / Sq Ft)</p><a href="https://www.amazon.com/dp/B09VLKQY83?tag=eloabder-20&linkCode=osi&th=1&psc=1">View Product</a></div><div class="product"><a href="https://www.amazon.com/dp/B000CAM2ZO?tag=eloabder-20&linkCode=osi&th=1&psc=1"><img src="https://m.media-amazon.com/images/I/31zB99KwKWL._SL500_.jpg" alt="Product Image"></a><p>Black Magic 5060107 Professional Anti-Heat Layer Tint Film, 5% VLT, 24-Inches x 78-Inches</p><p>$20.26 ($1.56 / Sq Ft)</p><a href="https://www.amazon.com/dp/B000CAM2ZO?tag=eloabder-20&linkCode=osi&th=1&psc=1">View Product</a></div>

<div class="product"><a href="https://www.amazon.com/dp/B0D464228M?tag=eloabder-20&linkCode=osi&th=1&psc=1"><img src="https://m.media-amazon.com/images/I/315VtBe9l-L._SL500_.jpg" alt="Product Image"></a><p>Drift Car Air Freshener - Wood Air Freshener - Car Odor Eliminator - Open Air Scent Starter Kit</p><p>$11.95</p><a href="https://www.amazon.com/dp/B0D464228M?tag=eloabder-20&linkCode=osi&th=1&psc=1">View Product</a></div>
<div class="product"><a href="https://www.amazon.com/dp/B071HR14SJ?tag=eloabder-20&linkCode=osi&th=1&psc=1"><img src="https://m.media-amazon.com/images/I/41crypCefDL._SL500_.jpg" alt="Product Image"></a><p>Meguiar's Gold Class Car Wash Soap, Ultra-Rich Car Wash Soap and Conditioner for Car Cleaning, Car Wash Soap to Clean and Condition in One Easy Step, 1 Gallon Car Wash Soap</p><p>$24.99 ($0.20 / Ounce)</p><a href="https://www.amazon.com/dp/B071HR14SJ?tag=eloabder-20&linkCode=osi&th=1&psc=1">View Product</a></div><div class="product"><a href="https://www.amazon.com/dp/B085R9L9Q9?tag=eloabder-20&linkCode=osi&th=1&psc=1"><img src="https://m.media-amazon.com/images/I/41tAv1FNbZL._SL500_.jpg" alt="Product Image"></a><p>Armor All Extreme Shield Protectant Spray , Interior Car Cleaner with UV Protection Against Cracking and Fading, 16 Fl Oz</p><p>$8.98 ($0.56 / Fl Oz)</p><a href="https://www.amazon.com/dp/B085R9L9Q9?tag=eloabder-20&linkCode=osi&th=1&psc=1">View Product</a></div><div class="product"><a href="https://www.amazon.com/dp/B016NA9Y4S?tag=eloabder-20&linkCode=osi&th=1&psc=1"><img src="https://m.media-amazon.com/images/I/31oz8VJFdjL._SL500_.jpg" alt="Product Image"></a><p>Rain-X 5079281-2 Latitude 2-In-1 Wiper Blades, 26 Inch Windshield Wipers (Pack Of 1), Automotive Replacement Windshield Wiper Blades With Patented Rain-X Water Repellency Formula</p><p>$17.08</p><a href="https://www.amazon.com/dp/B016NA9Y4S?tag=eloabder-20&linkCode=osi&th=1&psc=1">View Product</a></div><div class="product"><a href="https://www.amazon.com/dp/B0D2PCCJVK?tag=eloabder-20&linkCode=osi&th=1&psc=1"><img src="https://m.media-amazon.com/images/I/41BFT-c3a9L._SL500_.jpg" alt="Product Image"></a><p>HoogaLife Car Air Freshener Diffuser – Revitalize Your Drive with Hanging Air Freshener Diffuser Aromatic Bliss On The Go(VANILLA CREAM)</p><p>$12.99 ($24.06 / Fl Oz)</p><a href="https://www.amazon.com/dp/B0D2PCCJVK?tag=eloabder-20&linkCode=osi&th=1&psc=1">View Product</a></div><div class="product"><a href="https://www.amazon.com/dp/B0D17SKCLF?tag=eloabder-20&linkCode=osi&th=1&psc=1"><img src="https://m.media-amazon.com/images/I/51VjaK8JNmL._SL500_.jpg" alt="Product Image"></a><p>AIDEA Car Wash Mitt Microfiber, 1PK-Scratch-Free& Lint-Free, Premium Chenille Microfiber Wash Mitt-Green Regular Size (7.12''X10.14'')</p><p>$5.99</p><a href="https://www.amazon.com/dp/B0D17SKCLF?tag=eloabder-20&linkCode=osi&th=1&psc=1">View Product</a></div>








<div class="product"><a href="https://www.amazon.com/dp/B00UZE8D00?tag=eloabder-20&linkCode=osi&th=1&psc=1"><img src="https://m.media-amazon.com/images/I/517VVkgvgcL._SL500_.jpg" alt="Product Image"></a><p>Chemical Guys HOL_996 Convertible Top Cleaner and Protectant Kit, 16 oz, 2 Items</p><p>$29.99</p><a href="https://www.amazon.com/dp/B00UZE8D00?tag=eloabder-20&linkCode=osi&th=1&psc=1">View Product</a></div><div class="product"><a href="https://www.amazon.com/dp/B004HCS4NW?tag=eloabder-20&linkCode=osi&th=1&psc=1"><img src="https://m.media-amazon.com/images/I/41j5b6xRqNL._SL500_.jpg" alt="Product Image"></a><p>Meguiar's Convertible Top Cleaner - Fabric Convertible Top Cleaner and Vinyl Convertible Top Cleaner in One Advanced Formula - Safely Removes Stains, Mildew, Bird Droppings, and More, 16 Oz</p><p>$6.87 ($0.43 / Ounce)</p><a href="https://www.amazon.com/dp/B004HCS4NW?tag=eloabder-20&linkCode=osi&th=1&psc=1">View Product</a></div><div class="product"><a href="https://www.amazon.com/dp/B00UZE80N0?tag=eloabder-20&linkCode=osi&th=1&psc=1"><img src="https://m.media-amazon.com/images/I/31FG83SK9SL._SL500_.jpg" alt="Product Image"></a><p>Chemical Guys SPI_193_16 Convertible Top Protectant and Repellent, (Helps Prevent Fading & Discoloration on Fabric Sot Tops) 16 fl oz (Packaging May Vary)</p><p>$19.99 ($1.25 / Fl Oz)</p><a href="https://www.amazon.com/dp/B00UZE80N0?tag=eloabder-20&linkCode=osi&th=1&psc=1">View Product</a></div><div class="product"><a href="https://www.amazon.com/dp/B00UZE8C1A?tag=eloabder-20&linkCode=osi&th=1&psc=1"><img src="https://m.media-amazon.com/images/I/31aLnXKZxfL._SL500_.jpg" alt="Product Image"></a><p>Chemical Guys ACC_S94 Convertible Top Horse Hair Cleaning Brush, Safe for Cloth Soft Tops, Upholstery, Leather, Furniture, & More</p><p>$14.99</p><a href="https://www.amazon.com/dp/B00UZE8C1A?tag=eloabder-20&linkCode=osi&th=1&psc=1">View Product</a></div><div class="product"><a href="https://www.amazon.com/dp/B000A8JNF0?tag=eloabder-20&linkCode=osi&th=1&psc=1"><img src="https://m.media-amazon.com/images/I/51PLChiVIrL._SL500_.jpg" alt="Product Image"></a><p>303 Products Convertible Fabric Top Cleaning and Care Kit - Cleans And Protects Fabric Tops - Includes Tonneau Cover And Convertible Top Cleaner 16 fl. oz. + Fabric Guard, (30520)</p><p>$32.79 ($1.02 / Fl Oz)</p><a href="https://www.amazon.com/dp/B000A8JNF0?tag=eloabder-20&linkCode=osi&th=1&psc=1">View Product</a></div>
<div class="product"><a href="https://www.amazon.com/dp/B0BCQ1XMWV?tag=eloabder-20&linkCode=osi&th=1&psc=1"><img src="https://m.media-amazon.com/images/I/41lV6Au-S9L._SL500_.jpg" alt="Product Image"></a><p>EMITHSUN® Windshield Wiper Blades Replacement for Honda Civic Coupe 2 Door 2005-2011,That Meet OEM Quality Front Wipers Blade Set for My Car-28"+24"(Set of 2)</p><p>$19.99</p><a href="https://www.amazon.com/dp/B0BCQ1XMWV?tag=eloabder-20&linkCode=osi&th=1&psc=1">View Product</a></div>
<div class="product"><a href="https://www.amazon.com/dp/B00I8ITVZG?tag=eloabder-20&linkCode=osi&th=1&psc=1"><img src="https://m.media-amazon.com/images/I/41TXd564pcL._SL500_.jpg" alt="Product Image"></a><p>ECOGARD XC36067 Premium Cabin Air Filter Fits Hyundai Genesis 2009-2016, Equus 2011-2016 | Genesis G80 2017-2021, G90 2019-2021, GV80 2021 | Kia K900 2020</p><p>$10.98</p><a href="https://www.amazon.com/dp/B00I8ITVZG?tag=eloabder-20&linkCode=osi&th=1&psc=1">View Product</a></div>

<div class="product"><a href="https://www.amazon.com/dp/B097C3NCP1?tag=eloabder-20&linkCode=osi&th=1&psc=1"><img src="https://m.media-amazon.com/images/I/41GXST2+s6L._SL500_.jpg" alt="Product Image"></a><p>Raidbee 12 inch Rear Wiper Blade Replacement for Toyota Corolla Hatchback 2022-2019, Nissan Versa 2019-2014 Back Windshield Wiper (H306/12-B)</p><p>$6.99</p><a href="https://www.amazon.com/dp/B097C3NCP1?tag=eloabder-20&linkCode=osi&th=1&psc=1">View Product</a></div>



<div class="product"><a href="https://www.amazon.com/dp/B0CQ4MLKHJ?tag=eloabder-20&linkCode=osi&th=1&psc=1"><img src="https://m.media-amazon.com/images/I/519f8covwQL._SL500_.jpg" alt="Product Image"></a><p>Feetiger All-in-1 Fire Extinguisher for Home, Kitchen, Car, Garage, RV, Truck, Boat, Camping, Fire Spray that Tackles Multiple Types of Fire, 2pack</p><p>$39.99</p><a href="https://www.amazon.com/dp/B0CQ4MLKHJ?tag=eloabder-20&linkCode=osi&th=1&psc=1">View Product</a></div>
<div class="product"><a href="https://www.amazon.com/dp/B07TS4JV6H?tag=eloabder-20&linkCode=osi&th=1&psc=1"><img src="https://m.media-amazon.com/images/I/412htpDd6fL._SL500_.jpg" alt="Product Image"></a><p>Police Flag Air Freshener, New Car Scent, 6-Pack</p><p>$9.99 ($1.66 / Count)</p><a href="https://www.amazon.com/dp/B07TS4JV6H?tag=eloabder-20&linkCode=osi&th=1&psc=1">View Product</a></div>


<div class="product"><a href="https://www.amazon.com/dp/B009EU5ZNO?tag=eloabder-20&linkCode=osi&th=1&psc=1"><img src="https://m.media-amazon.com/images/I/515MJLZbnoL._SL500_.jpg" alt="Product Image"></a><p>J-B Weld 50133 Plastic Bonder Structural Adhesive Syringe - Tan - 25 ml</p><p>$6.98 ($8.21 / Fl Oz)</p><a href="https://www.amazon.com/dp/B009EU5ZNO?tag=eloabder-20&linkCode=osi&th=1&psc=1">View Product</a></div>



<div class="product"><a href="https://www.amazon.com/dp/B09P6YZP72?tag=eloabder-20&linkCode=osi&th=1&psc=1"><img src="https://m.media-amazon.com/images/I/416rlvu+ayL._SL500_.jpg" alt="Product Image"></a><p>AUTOBOO 26"+20" Windshield Wipers with 16" Rear Wiper Blade Replacement for Dodge Grand Caravan 2008-2012 2013 2014 2015 2016 2017 2018 2019 -Original Factory Quality (Pack of 3)</p><p>$23.99</p><a href="https://www.amazon.com/dp/B09P6YZP72?tag=eloabder-20&linkCode=osi&th=1&psc=1">View Product</a></div><div class="product"><a href="https://www.amazon.com/dp/B0BLYQBDS8?tag=eloabder-20&linkCode=osi&th=1&psc=1"><img src="https://m.media-amazon.com/images/I/51SbpSR2zBL._SL500_.jpg" alt="Product Image"></a><p>A-Premium Engine Air Filter Compatible with Chrysler Town & Country & Dodge Grand Caravan & Ram C/V & Volkswagen Routan, 2011-2020, Flexible Panel, Replace# 4861737AA</p><p>$12.99</p><a href="https://www.amazon.com/dp/B0BLYQBDS8?tag=eloabder-20&linkCode=osi&th=1&psc=1">View Product</a></div>
<div class="product"><a href="https://www.amazon.com/dp/B001FCB4JS?tag=eloabder-20&linkCode=osi&th=1&psc=1"><img src="https://m.media-amazon.com/images/I/21wq6fxqiVL._SL500_.jpg" alt="Product Image"></a><p>Dicor BT-1834-1 Butyl Seal Tape - 1/8" x 3/4" x 30' Repair Tape for RV, Trailer, Motorhome, Window, and Vent Sealing</p><p>$13.15 ($0.44 / Foot)</p><a href="https://www.amazon.com/dp/B001FCB4JS?tag=eloabder-20&linkCode=osi&th=1&psc=1">View Product</a></div>
<div class="product"><a href="https://www.amazon.com/dp/B000BUQOD6?tag=eloabder-20&linkCode=osi&th=1&psc=1"><img src="https://m.media-amazon.com/images/I/41O0CoP1L3L._SL500_.jpg" alt="Product Image"></a><p>Camco Camper/RV Toilet Paper | Sewer-Safe, Septic-Safe & Biodegradable | Designed for Camper, Trailer & Marine Sanitation Systems | 1-Ply Tissue | 4 Toilet Paper Rolls – 280 Sheets per Roll (40275)</p><p>$5.99 ($2.14 / 100 Sheets)</p><a href="https://www.amazon.com/dp/B000BUQOD6?tag=eloabder-20&linkCode=osi&th=1&psc=1">View Product</a></div><div class="product"><a href="https://www.amazon.com/dp/B007JG1W1E?tag=eloabder-20&linkCode=osi&th=1&psc=1"><img src="https://m.media-amazon.com/images/I/41i-j99E9ML._SL500_.jpg" alt="Product Image"></a><p>Camco TST Camper / RV Grey Water Odor Control - Removes Grease Buildup in Gray Water Tank, Sink & Shower Drains - 4oz Treats 40-Gal Holding Tank - Safe Septic Tank Treatment - Lemon, 64 oz (40256)</p><p>$19.94 ($0.31 / Fl Oz)</p><a href="https://www.amazon.com/dp/B007JG1W1E?tag=eloabder-20&linkCode=osi&th=1&psc=1">View Product</a></div><div class="product"><a href="https://www.amazon.com/dp/B016V2OSD0?tag=eloabder-20&linkCode=osi&th=1&psc=1"><img src="https://m.media-amazon.com/images/I/31Jm99RYVXL._SL500_.jpg" alt="Product Image"></a><p>Camco TST MAX RV Toilet Treatment Drop-INs | Control Unwanted Odors and Break Down Waste and Tissue | Septic Tank Safe | Lavender Scent | 15-pack (41559)</p><p>$11.97 ($0.80 / Count)</p><a href="https://www.amazon.com/dp/B016V2OSD0?tag=eloabder-20&linkCode=osi&th=1&psc=1">View Product</a></div>






<div class="product"><a href="https://www.amazon.com/dp/B006GJYOL0?tag=eloabder-20&linkCode=osi&th=1&psc=1"><img src="https://m.media-amazon.com/images/I/41YPjiCzDfL._SL500_.jpg" alt="Product Image"></a><p>Boat Bling HS-0128 Hot Sauce Hard Water Spot Remover, Gallon Refill, for Boats, RVs, Powersport Vehicles and More, Black,1 Gallon</p><p>$54.95 ($0.43 / Fl Oz)</p><a href="https://www.amazon.com/dp/B006GJYOL0?tag=eloabder-20&linkCode=osi&th=1&psc=1">View Product</a></div><div class="product"><a href="https://www.amazon.com/dp/B0000AXVCB?tag=eloabder-20&linkCode=osi&th=1&psc=1"><img src="https://m.media-amazon.com/images/I/51gtsDb7zDL._SL500_.jpg" alt="Product Image"></a><p>Meguiar's M4364 Marine/RV Boat Wash - 64 Oz Container</p><p>$13.99 ($0.22 / Fl Oz)</p><a href="https://www.amazon.com/dp/B0000AXVCB?tag=eloabder-20&linkCode=osi&th=1&psc=1">View Product</a></div><div class="product"><a href="https://www.amazon.com/dp/B0007TR47G?tag=eloabder-20&linkCode=osi&th=1&psc=1"><img src="https://m.media-amazon.com/images/I/41Q4SzlVojL._SL500_.jpg" alt="Product Image"></a><p>Meguiar's Flagship Premium Marine Wax, Boat Polish and Oxidation Remover - 32 Oz Bottle</p><p>$21.49</p><a href="https://www.amazon.com/dp/B0007TR47G?tag=eloabder-20&linkCode=osi&th=1&psc=1">View Product</a></div><div class="product"><a href="https://www.amazon.com/dp/B006GJYLFY?tag=eloabder-20&linkCode=osi&th=1&psc=1"><img src="https://m.media-amazon.com/images/I/31G78TSjssL._SL500_.jpg" alt="Product Image"></a><p>Boat Bling Condition Sauce Premium Interior Moisturizer w/UV Protection, 32 oz.</p><p>$27.95</p><a href="https://www.amazon.com/dp/B006GJYLFY?tag=eloabder-20&linkCode=osi&th=1&psc=1">View Product</a></div><div class="product"><a href="https://www.amazon.com/dp/B006GJYKWI?tag=eloabder-20&linkCode=osi&th=1&psc=1"><img src="https://m.media-amazon.com/images/I/41AcDanNz-L._SL500_.jpg" alt="Product Image"></a><p>Boat Bling VS-0032 Vinyl Sauce Premium Vinyl and Leather Cleaner, 32 Oz., for Boats, RVs, Powersport Vehicles and More</p><p>$22.95 ($0.72 / Fl Oz)</p><a href="https://www.amazon.com/dp/B006GJYKWI?tag=eloabder-20&linkCode=osi&th=1&psc=1">View Product</a></div>
<div class="product"><a href="https://www.amazon.com/dp/B004OJTEKK?tag=eloabder-20&linkCode=osi&th=1&psc=1"><img src="https://m.media-amazon.com/images/I/41q8kkNiKOL._SL500_.jpg" alt="Product Image"></a><p>Shurhold Yacht Brite YBP-0302 Brite Wash - 1 Gallon</p><p>$23.97 ($0.19 / Fl Oz)</p><a href="https://www.amazon.com/dp/B004OJTEKK?tag=eloabder-20&linkCode=osi&th=1&psc=1">View Product</a></div>




<div class="product"><a href="https://www.amazon.com/dp/B0B2RDZNZB?tag=eloabder-20&linkCode=osi&th=1&psc=1"><img src="https://m.media-amazon.com/images/I/51RVSUoRuGL._SL500_.jpg" alt="Product Image"></a><p>Fancemot Helicopter Car Air Fresheners Rotating Solar Car Fresheners Airplane Car Perfume (Osmanthus & Vanilla)</p><p>$14.08</p><a href="https://www.amazon.com/dp/B0B2RDZNZB?tag=eloabder-20&linkCode=osi&th=1&psc=1">View Product</a></div><div class="product"><a href="https://www.amazon.com/dp/B0994PG1ZD?tag=eloabder-20&linkCode=osi&th=1&psc=1"><img src="https://m.media-amazon.com/images/I/413er0A8cVS._SL500_.jpg" alt="Product Image"></a><p>NICEADA Car Air Freshener, Helicopter Solar Energy Rotating Aromatherapy Aviation Al Alloy Diffuser, Interior Decoration Accessories Diffuser for Car and Home (Silver)</p><p>$23.99</p><a href="https://www.amazon.com/dp/B0994PG1ZD?tag=eloabder-20&linkCode=osi&th=1&psc=1">View Product</a></div><div class="product"><a href="https://www.amazon.com/dp/B09ZTMZKSJ?tag=eloabder-20&linkCode=osi&th=1&psc=1"><img src="https://m.media-amazon.com/images/I/41rz5PydC9L._SL500_.jpg" alt="Product Image"></a><p>Air Freshener, Gigicloud Car Fragrance Diffuser Solar Rotating Automotive Air Fresheners Ornament Helicopter Shape Solid Aromatherapy Decoration for Car and Home (Black)</p><p>$15.49</p><a href="https://www.amazon.com/dp/B09ZTMZKSJ?tag=eloabder-20&linkCode=osi&th=1&psc=1">View Product</a></div><div class="product"><a href="https://www.amazon.com/dp/B0CWNNPCD3?tag=eloabder-20&linkCode=osi&th=1&psc=1"><img src="https://m.media-amazon.com/images/I/51nznnJJhfL._SL500_.jpg" alt="Product Image"></a><p>Car Air Freshener Diffuser, KaiDengZhe 1PCS Helicopter Solar Energy Rotating Aromatherapy Aviation Al Alloy Diffuser, Car Diffuser for Essential Oils, Relieve Stress and Purifie Odors for Car and Home</p><p>$15.99</p><a href="https://www.amazon.com/dp/B0CWNNPCD3?tag=eloabder-20&linkCode=osi&th=1&psc=1">View Product</a></div><div class="product"><a href="https://www.amazon.com/dp/B0B8T47G65?tag=eloabder-20&linkCode=osi&th=1&psc=1"><img src="https://m.media-amazon.com/images/I/41d6cgVheqL._SL500_.jpg" alt="Product Image"></a><p>Joyfunky Car Air Fresheners with Solar Rotating, Creative Car Perfume Decoration, Relieve Stress and Purifie Odors, Use at Car, office and Home, Silver</p><p>$12.99</p><a href="https://www.amazon.com/dp/B0B8T47G65?tag=eloabder-20&linkCode=osi&th=1&psc=1">View Product</a></div><div class="product"><a href="https://www.amazon.com/dp/B0D4ZHJVK8?tag=eloabder-20&linkCode=osi&th=1&psc=1"><img src="https://m.media-amazon.com/images/I/41sEhsjtb4L._SL500_.jpg" alt="Product Image"></a><p>NICEADA Helicopter Solar Car Air Freshener Refill Set, Solar Essential Oil Refill Perfume Oil for Car Air Fresheners(4 Packs)</p><p>$21.99 ($24.99 / Fl Oz)</p><a href="https://www.amazon.com/dp/B0D4ZHJVK8?tag=eloabder-20&linkCode=osi&th=1&psc=1">View Product</a></div><div class="product"><a href="https://www.amazon.com/dp/B0D251XW47?tag=eloabder-20&linkCode=osi&th=1&psc=1"><img src="https://m.media-amazon.com/images/I/41x6lmNq9fL._SL500_.jpg" alt="Product Image"></a><p>Helicopter Car Air Fresheners with Solar Rotating, Creative Car Perfume Decoration, Car Airplane Fragrance Diffuser for Car, Home, Office (Silver)</p><p>$13.09</p><a href="https://www.amazon.com/dp/B0D251XW47?tag=eloabder-20&linkCode=osi&th=1&psc=1">View Product</a></div>

<div class="product"><a href="https://www.amazon.com/dp/B0D4154TQG?tag=eloabder-20&linkCode=osi&th=1&psc=1"><img src="https://m.media-amazon.com/images/I/217Iw-nO3UL._SL500_.jpg" alt="Product Image"></a><p>RV Curtain Glide Tape A115, 1/2 Inch Glides Clear RV Curtain Strip Curtain Slide Tape 72 Inches Long Use with Ceiling or Wall Mount Curtain Track A201 A202 (2 Pack)</p><p>$17.99</p><a href="https://www.amazon.com/dp/B0D4154TQG?tag=eloabder-20&linkCode=osi&th=1&psc=1">View Product</a></div>
<div class="product"><a href="https://www.amazon.com/dp/B08W4PQN8L?tag=eloabder-20&linkCode=osi&th=1&psc=1"><img src="https://m.media-amazon.com/images/I/41udmrd6QTL._SL500_.jpg" alt="Product Image"></a><p>Hot Air Balloon Novelty Air Freshener for Car - Sandalwood Scented Automotive Accessory New Mexico Souvenir Gift (Pack of 4)</p><p>$7.99 ($2.00 / Count)</p><a href="https://www.amazon.com/dp/B08W4PQN8L?tag=eloabder-20&linkCode=osi&th=1&psc=1">View Product</a></div>















<div class="product"><a href="https://www.amazon.com/dp/B0CP87K2VD?tag=eloabder-20&linkCode=osi&th=1&psc=1"><img src="https://m.media-amazon.com/images/I/41dTH4OPkcL._SL500_.jpg" alt="Product Image"></a><p>For harley air cleaner filter Touring street glide road king electra tri trike Dyna Sportster XL 883 1200 Softail air intake (Drift style -Contrast Cut, C-For Touring 08-16, Softail 16-17)</p><p>$125.00</p><a href="https://www.amazon.com/dp/B0CP87K2VD?tag=eloabder-20&linkCode=osi&th=1&psc=1">View Product</a></div><div class="product"><a href="https://www.amazon.com/dp/B08DNLNY3G?tag=eloabder-20&linkCode=osi&th=1&psc=1"><img src="https://m.media-amazon.com/images/I/51baNj3o8CL._SL500_.jpg" alt="Product Image"></a><p>2963308 HD1508 Ultra Classic Air Filter Cleaner for 2008-2014 Harley Davidson Street Glide, Electra Glide, Road King, Road Glide Custom, Ultra Classic and other select models HD-1508</p><p>$21.99</p><a href="https://www.amazon.com/dp/B08DNLNY3G?tag=eloabder-20&linkCode=osi&th=1&psc=1">View Product</a></div><div class="product"><a href="https://www.amazon.com/dp/B0CQ2KKC3N?tag=eloabder-20&linkCode=osi&th=1&psc=1"><img src="https://m.media-amazon.com/images/I/31W2a0gAwIL._SL500_.jpg" alt="Product Image"></a><p>High-Flo Replacement Air Filter Element For Ventilator - Milwaukee-Eight Engine '18-later Softail and '17-later Touring and Trike Models Equipped with 114 Air Cleaner</p><p>$39.99</p><a href="https://www.amazon.com/dp/B0CQ2KKC3N?tag=eloabder-20&linkCode=osi&th=1&psc=1">View Product</a></div><div class="product"><a href="https://www.amazon.com/dp/B0CPJ5BSGM?tag=eloabder-20&linkCode=osi&th=1&psc=1"><img src="https://m.media-amazon.com/images/I/41cUadnGKpL._SL500_.jpg" alt="Product Image"></a><p>For harley air cleaner filter sportster street road glide king for harley davidson motorcycle air intake (Nake style -Black, A-For Sportster XL models)</p><p>$169.00</p><a href="https://www.amazon.com/dp/B0CPJ5BSGM?tag=eloabder-20&linkCode=osi&th=1&psc=1">View Product</a></div><div class="product"><a href="https://www.amazon.com/dp/B0CR17NS1M?tag=eloabder-20&linkCode=osi&th=1&psc=1"><img src="https://m.media-amazon.com/images/I/41n57oM0A-L._SL500_.jpg" alt="Product Image"></a><p>For harley air cleaner filter Sportster Softail Touring street road king glide Dyna for harley davidson air intake filters (Speed 7 style -gray filter, C-For Touring 08-16, Softail 16-17)</p><p>$89.00</p><a href="https://www.amazon.com/dp/B0CR17NS1M?tag=eloabder-20&linkCode=osi&th=1&psc=1">View Product</a></div><div class="product"><a href="https://www.amazon.com/dp/B0CR167HDN?tag=eloabder-20&linkCode=osi&th=1&psc=1"><img src="https://m.media-amazon.com/images/I/41o4byfzbRL._SL500_.jpg" alt="Product Image"></a><p>For harley davidson air cleaner filter sportster Touring street glide road king electra Dyna Softail motorcycle air intake (Chromed- gray filter, C-For Touring 2008-2016)</p><p>$99.00</p><a href="https://www.amazon.com/dp/B0CR167HDN?tag=eloabder-20&linkCode=osi&th=1&psc=1">View Product</a></div>







<div class="product"><a href="https://www.amazon.com/dp/B08WH8CWDM?tag=eloabder-20&linkCode=osi&th=1&psc=1"><img src="https://m.media-amazon.com/images/I/41Jj3ouB+1L._SL500_.jpg" alt="Product Image"></a><p>Glaze 'N Seal Color Enhancer Paver Sealer, 1 Gallon (923)</p><p>$62.99</p><a href="https://www.amazon.com/dp/B08WH8CWDM?tag=eloabder-20&linkCode=osi&th=1&psc=1">View Product</a></div>

<div class="product"><a href="https://www.amazon.com/dp/B0B58G8WRX?tag=eloabder-20&linkCode=osi&th=1&psc=1"><img src="https://m.media-amazon.com/images/I/41hjxJMTGJL._SL500_.jpg" alt="Product Image"></a><p>Solarhome Air Filter 333-D2696 333D2696 Compatible with JCB Backhoe Loader 3CX 4CX Telehandler 531-70</p><p>$34.50</p><a href="https://www.amazon.com/dp/B0B58G8WRX?tag=eloabder-20&linkCode=osi&th=1&psc=1">View Product</a></div>




<div class="product"><a href="https://www.amazon.com/dp/B07G7XG6BV?tag=eloabder-20&linkCode=osi&th=1&psc=1"><img src="https://m.media-amazon.com/images/I/510tZGutn6L._SL500_.jpg" alt="Product Image"></a><p>Holikme 6Pack Cleaning Brush Power Scrubber Cleaning Brush Extended Long Attachment Set All Purpose Scrub Brushes Kit for Grout, Floor, Tub, Shower, Tile, Bathroom,Car Cleaning Brush，Yellow</p><p>$6.95</p><a href="https://www.amazon.com/dp/B07G7XG6BV?tag=eloabder-20&linkCode=osi&th=1&psc=1">View Product</a></div>



<div class="product"><a href="https://www.amazon.com/dp/B000FW2NWQ?tag=eloabder-20&linkCode=osi&th=1&psc=1"><img src="https://m.media-amazon.com/images/I/31VlBDw7uDL._SL500_.jpg" alt="Product Image"></a><p>Performance Tool W233 12-Inch Long Reach Extension Scraper with 3pc Double Edged Plastic Razor Scraper Blades and 3pc Carbon Steel Razor Scraper Blades</p><p>$10.31</p><a href="https://www.amazon.com/dp/B000FW2NWQ?tag=eloabder-20&linkCode=osi&th=1&psc=1">View Product</a></div>
<div class="product"><a href="https://www.amazon.com/dp/B0BV2CQ5SW?tag=eloabder-20&linkCode=osi&th=1&psc=1"><img src="https://m.media-amazon.com/images/I/51VkTDjGg4L._SL500_.jpg" alt="Product Image"></a><p>Filterelated Mixed Bed Deionized Di Resin Filter Fill, Suitable For Spotless Car Wash System Filter Change, Tds Filter, Aquarium Filter, Deionized Car Wash,5 Liters</p><p>$49.99</p><a href="https://www.amazon.com/dp/B0BV2CQ5SW?tag=eloabder-20&linkCode=osi&th=1&psc=1">View Product</a></div><div class="product"><a href="https://www.amazon.com/dp/B01MRVQ9UE?tag=eloabder-20&linkCode=osi&th=1&psc=1"><img src="https://m.media-amazon.com/images/I/51+i6fjU6tL._SL500_.jpg" alt="Product Image"></a><p>Husqvarna XP Pre-Mixed Fuel and Engine Oil Quart (3 Pack),Blue</p><p>$32.99 ($0.34 / Count)</p><a href="https://www.amazon.com/dp/B01MRVQ9UE?tag=eloabder-20&linkCode=osi&th=1&psc=1">View Product</a></div>




<div class="product"><a href="https://www.amazon.com/dp/B01N2G2NEJ?tag=eloabder-20&linkCode=osi&th=1&psc=1"><img src="https://m.media-amazon.com/images/I/41-5g4zEDpL._SL500_.jpg" alt="Product Image"></a><p>Chemical Guys SPI10816 Heavy Duty Water Spot Remover, Safe for Cars, Trucks, Motorcycles, RVs & More, 16 fl oz</p><p>$17.97 ($1.12 / Fl Oz)</p><a href="https://www.amazon.com/dp/B01N2G2NEJ?tag=eloabder-20&linkCode=osi&th=1&psc=1">View Product</a></div>









<div class="product"><a href="https://www.amazon.com/dp/B08YRVH2QV?tag=eloabder-20&linkCode=osi&th=1&psc=1"><img src="https://m.media-amazon.com/images/I/5164O-Jr2QL._SL500_.jpg" alt="Product Image"></a><p>Thetford AquaMAX Summer Cypress Scent RV Holding Tank Treatment, Formaldehyde Free, Waste Digester, Septic Tank Safe, 5 Gallon Bottle (96754)</p><p>$248.18</p><a href="https://www.amazon.com/dp/B08YRVH2QV?tag=eloabder-20&linkCode=osi&th=1&psc=1">View Product</a></div><div class="product"><a href="https://www.amazon.com/dp/B0BPMW7485?tag=eloabder-20&linkCode=osi&th=1&psc=1"><img src="https://m.media-amazon.com/images/I/51WNuQeew7L._SL500_.jpg" alt="Product Image"></a><p>XFasten Butyl Tape Black 1/2” x 30’ x 1/8" Butyl Sealant Tape Headlight Sealant Putty Tape | Black Butyl Caulking Tape | Butyl Tape RV Putty Tape EPDM Automotive Butyl Rubber Window Sealant for RV</p><p>$13.99 ($0.47 / Foot)</p><a href="https://www.amazon.com/dp/B0BPMW7485?tag=eloabder-20&linkCode=osi&th=1&psc=1">View Product</a></div>
<div class="product"><a href="https://www.amazon.com/dp/B006DXWZQU?tag=eloabder-20&linkCode=osi&th=1&psc=1"><img src="https://m.media-amazon.com/images/I/41wtqfFFfQL._SL500_.jpg" alt="Product Image"></a><p>FRAM Ultra Synthetic Automotive Replacement Oil Filter, Designed for Synthetic Oil Changes Lasting up to 20k Miles, XG10575 with SureGrip (Pack of 1)</p><p>$10.79</p><a href="https://www.amazon.com/dp/B006DXWZQU?tag=eloabder-20&linkCode=osi&th=1&psc=1">View Product</a></div><div class="product"><a href="https://www.amazon.com/dp/B01LH7L0XA?tag=eloabder-20&linkCode=osi&th=1&psc=1"><img src="https://m.media-amazon.com/images/I/41yD3QmbyZL._SL500_.jpg" alt="Product Image"></a><p>Shell Rotella T4 Triple Protection Conventional 15W-40 Diesel Engine Oil (1-Gallon, Single Pack)</p><p>$15.98 ($0.12 / Fl Oz)</p><a href="https://www.amazon.com/dp/B01LH7L0XA?tag=eloabder-20&linkCode=osi&th=1&psc=1">View Product</a></div><div class="product"><a href="https://www.amazon.com/dp/B00ICSWGJ0?tag=eloabder-20&linkCode=osi&th=1&psc=1"><img src="https://m.media-amazon.com/images/I/41Ahz5dVc5L._SL500_.jpg" alt="Product Image"></a><p>Castrol Edge 5W-30 Advanced Full Synthetic Motor Oil, 5 Quarts</p><p>$24.72 ($0.15 / Fl Oz)</p><a href="https://www.amazon.com/dp/B00ICSWGJ0?tag=eloabder-20&linkCode=osi&th=1&psc=1">View Product</a></div><div class="product"><a href="https://www.amazon.com/dp/B01N8RPDT8?tag=eloabder-20&linkCode=osi&th=1&psc=1"><img src="https://m.media-amazon.com/images/I/41Qm+9e8sCL._SL500_.jpg" alt="Product Image"></a><p>Motorcraft - Oil - Engine (XO10W305Q3SD)</p><p>$32.27</p><a href="https://www.amazon.com/dp/B01N8RPDT8?tag=eloabder-20&linkCode=osi&th=1&psc=1">View Product</a></div>
<div class="product"><a href="https://www.amazon.com/dp/B07FTRZLM5?tag=eloabder-20&linkCode=osi&th=1&psc=1"><img src="https://m.media-amazon.com/images/I/416uoNYOsXL._SL500_.jpg" alt="Product Image"></a><p>Chemical Guys HOL126 14-Piece Arsenal Builder Car Wash Kit with Foam Gun, Bucket, and (5) 16 oz Car Care Cleaning Chemicals, Gift for Car & Truck Lovers, Dads and DIYers (Works w/Garden Hose)</p><p>$119.99</p><a href="https://www.amazon.com/dp/B07FTRZLM5?tag=eloabder-20&linkCode=osi&th=1&psc=1">View Product</a></div><div class="product"><a href="https://www.amazon.com/dp/B0741RL23Q?tag=eloabder-20&linkCode=osi&th=1&psc=1"><img src="https://m.media-amazon.com/images/I/410wwKZBYVL._SL500_.jpg" alt="Product Image"></a><p>Chemical Guys SPI220 Total Interior Cleaner and Protectant, Safe for Cars, Trucks, SUVs, Jeeps, Motorcycles, RVs & More, 128 fl oz (1 Gallon)</p><p>$54.99 ($0.43 / Fl Oz)</p><a href="https://www.amazon.com/dp/B0741RL23Q?tag=eloabder-20&linkCode=osi&th=1&psc=1">View Product</a></div><div class="product"><a href="https://www.amazon.com/dp/B002J7VX4Y?tag=eloabder-20&linkCode=osi&th=1&psc=1"><img src="https://m.media-amazon.com/images/I/41oijnffQ0L._SL500_.jpg" alt="Product Image"></a><p>Chemical Guys AIR_101_16 New Car Smell Premium Air Freshener and Odor Eliminator, Long-Lasting Scent, Great for Cars, Trucks, SUVs, RVs & More, 16 fl oz</p><p>$10.99 ($0.69 / Fl Oz)</p><a href="https://www.amazon.com/dp/B002J7VX4Y?tag=eloabder-20&linkCode=osi&th=1&psc=1">View Product</a></div><div class="product"><a href="https://www.amazon.com/dp/B077TPG55M?tag=eloabder-20&linkCode=osi&th=1&psc=1"><img src="https://m.media-amazon.com/images/I/51aYksYRthL._SL500_.jpg" alt="Product Image"></a><p>Chemical Guys CWS20264 Tough Mudder Foaming Truck, Off Road, ATV and RV Heavy Duty Wash Soap,(Works with Foam Cannons, Foam Guns or Bucket Washes), 64 fl oz (Half Gallon), Lemon Scent</p><p>$39.99 ($0.62 / Fl Oz)</p><a href="https://www.amazon.com/dp/B077TPG55M?tag=eloabder-20&linkCode=osi&th=1&psc=1">View Product</a></div><div class="product"><a href="https://www.amazon.com/dp/B00BJCAPEE?tag=eloabder-20&linkCode=osi&th=1&psc=1"><img src="https://m.media-amazon.com/images/I/416RIPKVW1L._SL500_.jpg" alt="Product Image"></a><p>Chemical Guys CWS_402 Mr. Pink Foaming Car Wash Soap (Works with Foam Cannons, Foam Guns or Bucket Washes) Safe for Cars, Trucks, Motorcycles, RVs & More, 128 fl oz, Candy Scent</p><p>$39.99 ($0.31 / Fl Oz)</p><a href="https://www.amazon.com/dp/B00BJCAPEE?tag=eloabder-20&linkCode=osi&th=1&psc=1">View Product</a></div><div class="product"><a href="https://www.amazon.com/dp/B01C6AISUK?tag=eloabder-20&linkCode=osi&th=1&psc=1"><img src="https://m.media-amazon.com/images/I/41FrDCDPB6S._SL500_.jpg" alt="Product Image"></a><p>Chemical Guys CLD_700_16 Mat Renew Rubber + Vinyl Floor Mat Cleaner And Protectant, Safe for Cars, Trucks, SUVs, Motorcycles, RVs & More, 16 fl oz</p><p>$10.99 ($0.69 / Fl Oz)</p><a href="https://www.amazon.com/dp/B01C6AISUK?tag=eloabder-20&linkCode=osi&th=1&psc=1">View Product</a></div><div class="product"><a href="https://www.amazon.com/dp/B01N76S0A7?tag=eloabder-20&linkCode=osi&th=1&psc=1"><img src="https://m.media-amazon.com/images/I/51jurhYPCgL._SL500_.jpg" alt="Product Image"></a><p>Chemical Guys HOL131 Premium Chenille Microfiber Car Wash Mop and Heavy Duty Extendable Pole Kit (Great for RVs, Trucks, SUVs, Jeeps & Large Vehicles), With Mr. Pink Foaming Car Wash Soap - 4 fl oz</p><p>$49.99</p><a href="https://www.amazon.com/dp/B01N76S0A7?tag=eloabder-20&linkCode=osi&th=1&psc=1">View Product</a></div><div class="product"><a href="https://www.amazon.com/dp/B009OTW646?tag=eloabder-20&linkCode=osi&th=1&psc=1"><img src="https://m.media-amazon.com/images/I/41lG36UqLBL._SL500_.jpg" alt="Product Image"></a><p>Chemical Guys CWS 110 Honeydew Snow Foam Car Wash Soap (Works with Foam Cannons, Guns or Bucket Washes) Safe for Trucks, Motorcycles, RVs & More, 128 fl oz (1 Gallon), Honeydew Scent</p><p>$39.99 ($0.31 / Fl Oz)</p><a href="https://www.amazon.com/dp/B009OTW646?tag=eloabder-20&linkCode=osi&th=1&psc=1">View Product</a></div><div class="product"><a href="https://www.amazon.com/dp/B08P54Z2C2?tag=eloabder-20&linkCode=osi&th=1&psc=1"><img src="https://m.media-amazon.com/images/I/41Ra65iS2OL._SL500_.jpg" alt="Product Image"></a><p>Chemical Guys WAC23316 HydroSpeed Ceramic Quick Detailer, Safe for Cars, Trucks, SUVs, Motorcycles, RVs & More, 16 fl oz</p><p>$24.99</p><a href="https://www.amazon.com/dp/B08P54Z2C2?tag=eloabder-20&linkCode=osi&th=1&psc=1">View Product</a></div>
<div class="product"><a href="https://www.amazon.com/dp/B0C7WLPQC7?tag=eloabder-20&linkCode=osi&th=1&psc=1"><img src="https://m.media-amazon.com/images/I/41hJeSxsSWL._SL500_.jpg" alt="Product Image"></a><p>Detail King Car Odor Removal - Chlorine Dioxide Cup - Extreme Odor Eliminator For Car - Safe And Easy To Use (3 Oz (Pack of 1) - Plastic)</p><p>$24.95 ($8.32 / Ounce)</p><a href="https://www.amazon.com/dp/B0C7WLPQC7?tag=eloabder-20&linkCode=osi&th=1&psc=1">View Product</a></div>

<div class="product"><a href="https://www.amazon.com/dp/B0052XFWCG?tag=eloabder-20&linkCode=osi&th=1&psc=1"><img src="https://m.media-amazon.com/images/I/41qajeJVXLL._SL500_.jpg" alt="Product Image"></a><p>Hot Shot's Secret HSS64Z Original Stiction Eliminator 64 Fluid Ounce Bottle, Green</p><p>$53.45 ($0.84 / Fl Oz)</p><a href="https://www.amazon.com/dp/B0052XFWCG?tag=eloabder-20&linkCode=osi&th=1&psc=1">View Product</a></div><div class="product"><a href="https://www.amazon.com/dp/B009M64CAW?tag=eloabder-20&linkCode=osi&th=1&psc=1"><img src="https://m.media-amazon.com/images/I/417D8X0nkBL._SL500_.jpg" alt="Product Image"></a><p>Lucas Oil 10679 Hot Rod & Classic Car SAE 10W-30 Motor Oil - 5 Quart</p><p>$38.50 ($0.24 / Fl Oz)</p><a href="https://www.amazon.com/dp/B009M64CAW?tag=eloabder-20&linkCode=osi&th=1&psc=1">View Product</a></div><div class="product"><a href="https://www.amazon.com/dp/B01L9ARY9O?tag=eloabder-20&linkCode=osi&th=1&psc=1"><img src="https://m.media-amazon.com/images/I/51yaZAYH75L._SL500_.jpg" alt="Product Image"></a><p>FPPF Chemical Co 00161 16 OZ HOT 4-in-1 Heating Oil Treatment (2 Bottles)</p><p>$26.42</p><a href="https://www.amazon.com/dp/B01L9ARY9O?tag=eloabder-20&linkCode=osi&th=1&psc=1">View Product</a></div><div class="product"><a href="https://www.amazon.com/dp/B009M64CUM?tag=eloabder-20&linkCode=osi&th=1&psc=1"><img src="https://m.media-amazon.com/images/I/41yiWaF8YQL._SL500_.jpg" alt="Product Image"></a><p>Lucas Oil 10683 Hot Rod & Classic Car SAE 10W-40 Motor Oil - 5 Quart</p><p>$43.24 ($0.27 / Fl Oz)</p><a href="https://www.amazon.com/dp/B009M64CUM?tag=eloabder-20&linkCode=osi&th=1&psc=1">View Product</a></div><div class="product"><a href="https://www.amazon.com/dp/B0973HNRH9?tag=eloabder-20&linkCode=osi&th=1&psc=1"><img src="https://m.media-amazon.com/images/I/41kyGGJa--L._SL500_.jpg" alt="Product Image"></a><p>Hot Shot's Secret FR3 Friction Reducer 64 Fluid Ounce 2 Quarts, Light Yellow Liquid, (HSSFR364Z)</p><p>$59.73 ($0.93 / Fl Oz)</p><a href="https://www.amazon.com/dp/B0973HNRH9?tag=eloabder-20&linkCode=osi&th=1&psc=1">View Product</a></div><div class="product"><a href="https://www.amazon.com/dp/B082YFQQ25?tag=eloabder-20&linkCode=osi&th=1&psc=1"><img src="https://m.media-amazon.com/images/I/511PTX7LlZL._SL500_.jpg" alt="Product Image"></a><p>Hot Shot's Secret Green Diamond 100 Percent Synthetic 15W40 Oil Diesel 1 Gallon</p><p>$39.99 ($0.31 / Fl Oz)</p><a href="https://www.amazon.com/dp/B082YFQQ25?tag=eloabder-20&linkCode=osi&th=1&psc=1">View Product</a></div>















<div class="product"><a href="https://www.amazon.com/dp/B08PTMXCJL?tag=eloabder-20&linkCode=osi&th=1&psc=1"><img src="https://m.media-amazon.com/images/I/410eJv-7UHL._SL500_.jpg" alt="Product Image"></a><p>Moly Grease | 3% Molybdenum Disulfide | Fifth Wheel | 5th | Automotive | Tractor | Axle | Spline | CV Joint | Lithium EP Grease | High Temp | 35 LB Pail Bucket | Black Moly | NLGI 2 | HeavyDuty Moly</p><p>$174.99 ($0.31 / Ounce)</p><a href="https://www.amazon.com/dp/B08PTMXCJL?tag=eloabder-20&linkCode=osi&th=1&psc=1">View Product</a></div><div class="product"><a href="https://www.amazon.com/dp/B08PTHJTK5?tag=eloabder-20&linkCode=osi&th=1&psc=1"><img src="https://m.media-amazon.com/images/I/41VdMjJ38aL._SL500_.jpg" alt="Product Image"></a><p>Wheel Bearing Grease Pail | Lithium Complex | High Temp EP | CV Joint | Axle | Automotive | Tractor | Truck | Ball Joint | Marine Boat | Gear | Heavy Duty | Blue | 35 LB Bucket | NLGI 2 | MultiPurpose</p><p>$167.99 ($0.30 / Ounce)</p><a href="https://www.amazon.com/dp/B08PTHJTK5?tag=eloabder-20&linkCode=osi&th=1&psc=1">View Product</a></div><div class="product"><a href="https://www.amazon.com/dp/B0013J1UA6?tag=eloabder-20&linkCode=osi&th=1&psc=1"><img src="https://m.media-amazon.com/images/I/41G0Fkf7KnL._SL500_.jpg" alt="Product Image"></a><p>CRC Food Grade Chain Lube 03055 – 12 Wt. Oz. Aerosol, NSF H1 Gear, Chain, and Wire Lubricant</p><p>$19.25 ($1.60 / Ounce)</p><a href="https://www.amazon.com/dp/B0013J1UA6?tag=eloabder-20&linkCode=osi&th=1&psc=1">View Product</a></div>





<div class="product"><a href="https://www.amazon.com/dp/B08GQ9G2V5?tag=eloabder-20&linkCode=osi&th=1&psc=1"><img src="https://m.media-amazon.com/images/I/511+rapOlWL._SL500_.jpg" alt="Product Image"></a><p>Armor All Car Air Freshener and Purifier, Car Odor Eliminator, 1.5 Ounce (Pack of 3)</p><p>$21.21 ($4.71 / Ounce)</p><a href="https://www.amazon.com/dp/B08GQ9G2V5?tag=eloabder-20&linkCode=osi&th=1&psc=1">View Product</a></div>







<div class="product"><a href="https://www.amazon.com/dp/B001229JCU?tag=eloabder-20&linkCode=osi&th=1&psc=1"><img src="https://m.media-amazon.com/images/I/31W6FuKPMcL._SL500_.jpg" alt="Product Image"></a><p>First Alert EZ Fire Spray, Extinguishing Aerosol Spray, AF400 Red 18 Ounce (Pack of 1)</p><p>$12.49</p><a href="https://www.amazon.com/dp/B001229JCU?tag=eloabder-20&linkCode=osi&th=1&psc=1">View Product</a></div><div class="product"><a href="https://www.amazon.com/dp/B002U0KGDY?tag=eloabder-20&linkCode=osi&th=1&psc=1"><img src="https://m.media-amazon.com/images/I/51p6R+mcRhL._SL500_.jpg" alt="Product Image"></a><p>First Alert EZ Fire Spray, Extinguishing Aerosol Spray, Pack of 2, AF400-2, RED</p><p>$27.02</p><a href="https://www.amazon.com/dp/B002U0KGDY?tag=eloabder-20&linkCode=osi&th=1&psc=1">View Product</a></div>
<div class="product"><a href="https://www.amazon.com/dp/B0088LVBUQ?tag=eloabder-20&linkCode=osi&th=1&psc=1"><img src="https://m.media-amazon.com/images/I/31h7l-l6u2L._SL500_.jpg" alt="Product Image"></a><p>Seymour EN-59 Hi-Tech Engine Spray Paint, General Motors Red</p><p>$9.08 ($0.76 / Ounce)</p><a href="https://www.amazon.com/dp/B0088LVBUQ?tag=eloabder-20&linkCode=osi&th=1&psc=1">View Product</a></div>




<div class="product"><a href="https://www.amazon.com/dp/B000HBNU9K?tag=eloabder-20&linkCode=osi&th=1&psc=1"><img src="https://m.media-amazon.com/images/I/41URzfKaVsL._SL500_.jpg" alt="Product Image"></a><p>Permatex 27828 Body Shop Heavy Duty Headliner Adhesive, High-Strength Spray Adhesive, Repair Detached Or Loose Interior Parts, Dries Clear, Aerosol Can, 16.75 Oz</p><p>$17.05 ($1.02 / Ounce)</p><a href="https://www.amazon.com/dp/B000HBNU9K?tag=eloabder-20&linkCode=osi&th=1&psc=1">View Product</a></div><div class="product"><a href="https://www.amazon.com/dp/B001VXXEXU?tag=eloabder-20&linkCode=osi&th=1&psc=1"><img src="https://m.media-amazon.com/images/I/5112onMwzaL._SL500_.jpg" alt="Product Image"></a><p>Vibra-TITE 213 Red VC-3 Original Threadmate, 250ml Can</p><p>$99.19</p><a href="https://www.amazon.com/dp/B001VXXEXU?tag=eloabder-20&linkCode=osi&th=1&psc=1">View Product</a></div><div class="product"><a href="https://www.amazon.com/dp/B0CWPSLTR1?tag=eloabder-20&linkCode=osi&th=1&psc=1"><img src="https://m.media-amazon.com/images/I/31ytleZjjaL._SL500_.jpg" alt="Product Image"></a><p>P & S PROFESSIONAL DETAIL PRODUCTS - Terminator Enzyme Spot and Stain Remover - Perfect for Deodorizing, Removing Embedded Soils, Grease, Dirt, and Protein-Based Stains; Fresh Scent (1 Quart)</p><p>$25.95 ($0.81 / Fl Oz)</p><a href="https://www.amazon.com/dp/B0CWPSLTR1?tag=eloabder-20&linkCode=osi&th=1&psc=1">View Product</a></div><div class="product"><a href="https://www.amazon.com/dp/B07GFNQL9H?tag=eloabder-20&linkCode=osi&th=1&psc=1"><img src="https://m.media-amazon.com/images/I/41AA3Nbt8OL._SL500_.jpg" alt="Product Image"></a><p>Gunk FEB1 Foamy Engine Brite Engine Cleaner - 17oz. 2 Pack</p><p>$17.95 ($0.53 / Ounce)</p><a href="https://www.amazon.com/dp/B07GFNQL9H?tag=eloabder-20&linkCode=osi&th=1&psc=1">View Product</a></div>



<div class="product"><a href="https://www.amazon.com/dp/B003SKCARK?tag=eloabder-20&linkCode=osi&th=1&psc=1"><img src="https://m.media-amazon.com/images/I/41rvU5irgRL._SL500_.jpg" alt="Product Image"></a><p>Obenauf's Heavy Duty LP Leather Preservative (4oz)- All Natural Beeswax Oil Conditioner- Rejuvenate Restore & Preserve Sunfaded or Cracked Boots Jackets Saddles Car Auto Upholstery Furniture- USA Made</p><p>$15.99</p><a href="https://www.amazon.com/dp/B003SKCARK?tag=eloabder-20&linkCode=osi&th=1&psc=1">View Product</a></div>
Aucun résultat trouvé.

<div class="product"><a href="https://www.amazon.com/dp/B0CLWDDWHX?tag=eloabder-20&linkCode=osi&th=1&psc=1"><img src="https://m.media-amazon.com/images/I/51HPMtia03L._SL500_.jpg" alt="Product Image"></a><p>Fire Fix Fire Extinguisher for Home 5-Pack | Made in USA | Emergency Fire Spray Foam for Apartment, Boat, Camping, Car, House, Kitchen & Vehicle | Safety & Survival | Compact, Small, Safe & Easy Use</p><p>$56.95</p><a href="https://www.amazon.com/dp/B0CLWDDWHX?tag=eloabder-20&linkCode=osi&th=1&psc=1">View Product</a></div><div class="product"><a href="https://www.amazon.com/dp/B0CKZF9H3D?tag=eloabder-20&linkCode=osi&th=1&psc=1"><img src="https://m.media-amazon.com/images/I/41+Q4YdByuL._SL500_.jpg" alt="Product Image"></a><p>Firexo All Fires Fire Extinguisher - Multipurpose Mini Aerosol - Pack of 6 - Home, Kitchen, Car, Garage, Boat, Caravan, Camping Household, ABC, Vehicle, Compact, RV, Emergency Equipment (0.1 Gal)</p><p>$139.99</p><a href="https://www.amazon.com/dp/B0CKZF9H3D?tag=eloabder-20&linkCode=osi&th=1&psc=1">View Product</a></div>
Aucun résultat trouvé.
Aucun résultat trouvé.






<div class="product"><a href="https://www.amazon.com/dp/B00FOKOKMU?tag=eloabder-20&linkCode=osi&th=1&psc=1"><img src="https://m.media-amazon.com/images/I/41KsUW-6WOL._SL500_.jpg" alt="Product Image"></a><p>The Original Leather Recoloring Balm by Furniture Clinic - 16 Colors - Leather Repair Kit for Furniture - Restore Couches, Car Seats & More - Leather Dye for Scratched and Faded Leather (Beige)</p><p>$29.95</p><a href="https://www.amazon.com/dp/B00FOKOKMU?tag=eloabder-20&linkCode=osi&th=1&psc=1">View Product</a></div>


<div class="product"><a href="https://www.amazon.com/dp/B0BQX6CPLS?tag=eloabder-20&linkCode=osi&th=1&psc=1"><img src="https://m.media-amazon.com/images/I/51OtuHOIJpL._SL500_.jpg" alt="Product Image"></a><p>Dry Stop Fire Spray by Prepared Hero - 8 Pack - Portable Fire Extinguisher for Home, Car, Garage, Kitchen - Works on Electrical, Grease, Battery Fires & More - Compact, Easy to Use</p><p>$143.99</p><a href="https://www.amazon.com/dp/B0BQX6CPLS?tag=eloabder-20&linkCode=osi&th=1&psc=1">View Product</a></div><div class="product"><a href="https://www.amazon.com/dp/B0BQX76B9K?tag=eloabder-20&linkCode=osi&th=1&psc=1"><img src="https://m.media-amazon.com/images/I/51iHCSuHw5L._SL500_.jpg" alt="Product Image"></a><p>Vapor Clean Fire Spray by Prepared Hero - 8 Pack - Portable Fire Extinguisher for Home, Car, Garage, Kitchen - Works on Electrical, Grease, Battery Fires & More - Compact, Easy to Use</p><p>$143.99</p><a href="https://www.amazon.com/dp/B0BQX76B9K?tag=eloabder-20&linkCode=osi&th=1&psc=1">View Product</a></div><div class="product"><a href="https://www.amazon.com/dp/B0C32NVZJZ?tag=eloabder-20&linkCode=osi&th=1&psc=1"><img src="https://m.media-amazon.com/images/I/61coxTM3mSL._SL500_.jpg" alt="Product Image"></a><p>Houandg Water-Based Fire Extinguisher- 2 Pack Portable Solution for All Fire Types in Homes, Vehicles, Kitchens - Prevents Re-Ignition</p><p>$33.98</p><a href="https://www.amazon.com/dp/B0C32NVZJZ?tag=eloabder-20&linkCode=osi&th=1&psc=1">View Product</a></div>
<div class="product"><a href="https://www.amazon.com/dp/B00L3W1OAO?tag=eloabder-20&linkCode=osi&th=1&psc=1"><img src="https://m.media-amazon.com/images/I/414uILMLuaL._SL500_.jpg" alt="Product Image"></a><p>Pro F/X Rubber Mask Grease Wheel - 1 Ounce - Trauma</p><p>$27.01</p><a href="https://www.amazon.com/dp/B00L3W1OAO?tag=eloabder-20&linkCode=osi&th=1&psc=1">View Product</a></div>
<div class="product"><a href="https://www.amazon.com/dp/B0CZ16SHCH?tag=eloabder-20&linkCode=osi&th=1&psc=1"><img src="https://m.media-amazon.com/images/I/31pYxaz4gYL._SL500_.jpg" alt="Product Image"></a><p>P & S PROFESSIONAL DETAIL PRODUCTS - Rehab - Paint Correction Creme Safe for All Paint Types and with Multiple pad Types - Easy-to-use-Formula Works at Any Stage of Paint Correction - 1 Quart</p><p>$56.95</p><a href="https://www.amazon.com/dp/B0CZ16SHCH?tag=eloabder-20&linkCode=osi&th=1&psc=1">View Product</a></div><div class="product"><a href="https://www.amazon.com/dp/B082BG8HLX?tag=eloabder-20&linkCode=osi&th=1&psc=1"><img src="https://m.media-amazon.com/images/I/31OAXbv7QFL._SL500_.jpg" alt="Product Image"></a><p>Lithium Auto Elixirs Color Crush- A rather intense approach to an Instant Detailer, Infused with color enhancing technology - Extremely Hydrophobic ingredients, long lasting Instant Detailer</p><p>$19.95 ($1.25 / Fl Oz)</p><a href="https://www.amazon.com/dp/B082BG8HLX?tag=eloabder-20&linkCode=osi&th=1&psc=1">View Product</a></div><div class="product"><a href="https://www.amazon.com/dp/B07MTPWZ76?tag=eloabder-20&linkCode=osi&th=1&psc=1"><img src="https://m.media-amazon.com/images/I/41v5yubrqoL._SL500_.jpg" alt="Product Image"></a><p>Lithium Seal and Squeal Paint Sealant/Polish - Incredible Shine and Lasting Protection - Curable Amino Functional Polymers Fused with Si02 Ceramic Nano Technology -Lasts for up to 12 Months (16 oz)</p><p>$39.99 ($2.50 / Ounce)</p><a href="https://www.amazon.com/dp/B07MTPWZ76?tag=eloabder-20&linkCode=osi&th=1&psc=1">View Product</a></div><div class="product"><a href="https://www.amazon.com/dp/B07MVNX377?tag=eloabder-20&linkCode=osi&th=1&psc=1"><img src="https://m.media-amazon.com/images/I/31gEqFf7rhL._SL500_.jpg" alt="Product Image"></a><p>Leather Love - The Best Leather Conditioner On The Planet, Brings Old Leather Back To Life, All Natural Ingredients Mixed With Serious Science, Restores, Rehydrates, Protects (8oz)</p><p>$28.99 ($3.62 / Ounce)</p><a href="https://www.amazon.com/dp/B07MVNX377?tag=eloabder-20&linkCode=osi&th=1&psc=1">View Product</a></div><div class="product"><a href="https://www.amazon.com/dp/B07MTQP514?tag=eloabder-20&linkCode=osi&th=1&psc=1"><img src="https://m.media-amazon.com/images/I/311IYwH-oaL._SL500_.jpg" alt="Product Image"></a><p>Trim Serum- Plastic Restorer- Restores Even the Most Damaged Plastic, Rubber and Vinyl, Last For Months, Penetrates Plastic Pores Restoring Color. (16 Oz)</p><p>$36.99</p><a href="https://www.amazon.com/dp/B07MTQP514?tag=eloabder-20&linkCode=osi&th=1&psc=1">View Product</a></div><div class="product"><a href="https://www.amazon.com/dp/B07236X7TS?tag=eloabder-20&linkCode=osi&th=1&psc=1"><img src="https://m.media-amazon.com/images/I/51-mgxYD9kL._SL500_.jpg" alt="Product Image"></a><p>Skidmore's Biker Edition Leather Cream | All Natural Formula Cleans, Conditions, and Protects your Motorcycle | Made in USA</p><p>$44.98</p><a href="https://www.amazon.com/dp/B07236X7TS?tag=eloabder-20&linkCode=osi&th=1&psc=1">View Product</a></div><div class="product"><a href="https://www.amazon.com/dp/B001CS6HH4?tag=eloabder-20&linkCode=osi&th=1&psc=1"><img src="https://m.media-amazon.com/images/I/41wY0SB+DWL._SL500_.jpg" alt="Product Image"></a><p>Fiebing's Yellow Saddle Soap for Leather (3.5 oz Tin) - Leather Cleaner & Conditioner to Soften, Protect & Restore Leathercraft - Leather Soap for Car Seat, Couch, Shoe, Purse, Boot, Bag, & Saddles</p><p>$7.15 ($2.04 / Ounce)</p><a href="https://www.amazon.com/dp/B001CS6HH4?tag=eloabder-20&linkCode=osi&th=1&psc=1">View Product</a></div><div class="product"><a href="https://www.amazon.com/dp/B08RHZ1BKD?tag=eloabder-20&linkCode=osi&th=1&psc=1"><img src="https://m.media-amazon.com/images/I/21WKh31c4tL._SL500_.jpg" alt="Product Image"></a><p>Lithium Ignite After Wash - Conditions and Shines Surfaces as You Dry. Streak-Free Hydrophobic Formula adds Lubrication to Stop Micro Scratching While Surfaces pop with Color.</p><p>$21.99 ($1.37 / Fl Oz)</p><a href="https://www.amazon.com/dp/B08RHZ1BKD?tag=eloabder-20&linkCode=osi&th=1&psc=1">View Product</a></div><div class="product"><a href="https://www.amazon.com/dp/B0003A1T3E?tag=eloabder-20&linkCode=osi&th=1&psc=1"><img src="https://m.media-amazon.com/images/I/41042PKJ1ZL._SL500_.jpg" alt="Product Image"></a><p>URAD One step All-In-One Leather conditioner 140g - NEUTRAL</p><p>$16.13</p><a href="https://www.amazon.com/dp/B0003A1T3E?tag=eloabder-20&linkCode=osi&th=1&psc=1">View Product</a></div>

<div class="product"><a href="https://www.amazon.com/dp/B0B3NFH3QY?tag=eloabder-20&linkCode=osi&th=1&psc=1"><img src="https://m.media-amazon.com/images/I/51sKVZnP-WL._SL500_.jpg" alt="Product Image"></a><p>Little Joe 96427-6PK I Love Hockey New Car Scent Red Car Air Freshener A/C Vent Clip Uses Alcohol-Free Fragrance Oil is Non-Hazardous and Non-Toxic Plastic, Pack of 6</p><p>$21.99 ($3.66 / Count)</p><a href="https://www.amazon.com/dp/B0B3NFH3QY?tag=eloabder-20&linkCode=osi&th=1&psc=1">View Product</a></div><div class="product"><a href="https://www.amazon.com/dp/B072275K82?tag=eloabder-20&linkCode=osi&th=1&psc=1"><img src="https://m.media-amazon.com/images/I/41wDnF6SiAL._SL500_.jpg" alt="Product Image"></a><p>Little Joe 96404-6PK Fruit Scent, Car Air Freshener, Clips to A/C Air Vent, Alcohol-Free Fragrance Oil, Non-Hazardous and Non-Toxic Plastic, Set of 6</p><p>$16.60 ($2.77 / Count)</p><a href="https://www.amazon.com/dp/B072275K82?tag=eloabder-20&linkCode=osi&th=1&psc=1">View Product</a></div><div class="product"><a href="https://www.amazon.com/dp/B0CQPQ2S4W?tag=eloabder-20&linkCode=osi&th=1&psc=1"><img src="https://m.media-amazon.com/images/I/31iRknmvjeL._SL500_.jpg" alt="Product Image"></a><p>Little Pup 96613 Blue Raspberry Slushy Scent Car Air Freshener A/C Vent Clip Uses Alcohol-Free Fragrance Oil is Non Hazardous and Non Toxic, Pack of 1</p><p>$3.94</p><a href="https://www.amazon.com/dp/B0CQPQ2S4W?tag=eloabder-20&linkCode=osi&th=1&psc=1">View Product</a></div><div class="product"><a href="https://www.amazon.com/dp/B0CQPNMTM4?tag=eloabder-20&linkCode=osi&th=1&psc=1"><img src="https://m.media-amazon.com/images/I/41eEovL+zML._SL500_.jpg" alt="Product Image"></a><p>Little Joe 96414-6PK Orange Creamsicle Scent Car Air Freshener A/C Vent Clip Uses Alcohol-Free Fragrance Oil is Non-Hazardous and Non-Toxic Plastic, Pack of 6</p><p>$25.99 ($4.33 / Count)</p><a href="https://www.amazon.com/dp/B0CQPNMTM4?tag=eloabder-20&linkCode=osi&th=1&psc=1">View Product</a></div><div class="product"><a href="https://www.amazon.com/dp/B0CH9KNNZN?tag=eloabder-20&linkCode=osi&th=1&psc=1"><img src="https://m.media-amazon.com/images/I/41jX66PGMTL._SL500_.jpg" alt="Product Image"></a><p>TAKAVU Clay Bars Auto Detailing 2 Pack X 100g, Premium Grade Material, Magic Clay Bar Cleaner for Cars, RV, Boat and Bus (Grey)</p><p>$9.99</p><a href="https://www.amazon.com/dp/B0CH9KNNZN?tag=eloabder-20&linkCode=osi&th=1&psc=1">View Product</a></div>

<div class="product"><a href="https://www.amazon.com/dp/B004UM6DLE?tag=eloabder-20&linkCode=osi&th=1&psc=1"><img src="https://m.media-amazon.com/images/I/314nawyx6sL._SL500_.jpg" alt="Product Image"></a><p>CARPRO IronX Iron Remover: Stops Rust Spots and Pre-Mature Failure of The Clear Coat, Iron Contaminant Removal - 500mL with Sprayer (17oz)</p><p>$26.78</p><a href="https://www.amazon.com/dp/B004UM6DLE?tag=eloabder-20&linkCode=osi&th=1&psc=1">View Product</a></div><div class="product"><a href="https://www.amazon.com/dp/B01HXZXO98?tag=eloabder-20&linkCode=osi&th=1&psc=1"><img src="https://m.media-amazon.com/images/I/41Ne9OfQGzL._SL500_.jpg" alt="Product Image"></a><p>Chemical Guys CWS80316 Clean Slate Deep Surface Cleaning Car Wash Soap (Removes Old Car Waxes, Glazes & Sealants for Superior Surface Prep), 16 fl oz, Citrus Scent</p><p>$11.99 ($0.75 / Fl Oz)</p><a href="https://www.amazon.com/dp/B01HXZXO98?tag=eloabder-20&linkCode=osi&th=1&psc=1">View Product</a></div><div class="product"><a href="https://www.amazon.com/dp/B07C39H9YX?tag=eloabder-20&linkCode=osi&th=1&psc=1"><img src="https://m.media-amazon.com/images/I/31yK3Vb5xWL._SL500_.jpg" alt="Product Image"></a><p>Adam's Polishes Iron Remover (16oz) - Iron Out Fallout Rust Remover Spray for Car Detailing | Remove Iron Particles in Car Paint, Motorcycle, RV & Boat | Use Before Clay Bar, Car Wax or Car Wash</p><p>$16.99</p><a href="https://www.amazon.com/dp/B07C39H9YX?tag=eloabder-20&linkCode=osi&th=1&psc=1">View Product</a></div><div class="product"><a href="https://www.amazon.com/dp/B0BTJ9DJM5?tag=eloabder-20&linkCode=osi&th=1&psc=1"><img src="https://m.media-amazon.com/images/I/41tNMqlDrxL._SL500_.jpg" alt="Product Image"></a><p>Torque Detail Decon Wash Pack - Decontamination Soap 8oz + Wash Mitt - Surface Strip Wash Car Shampoo - Highly Absorbent Microfiber Chenille Car Wash Mitt Safely Cleans Your Vehicles Entire Surface</p><p>$24.95 ($3.12 / Fl Oz)</p><a href="https://www.amazon.com/dp/B0BTJ9DJM5?tag=eloabder-20&linkCode=osi&th=1&psc=1">View Product</a></div><div class="product"><a href="https://www.amazon.com/dp/B013K5V9PQ?tag=eloabder-20&linkCode=osi&th=1&psc=1"><img src="https://m.media-amazon.com/images/I/41V3rm6NlZL._SL500_.jpg" alt="Product Image"></a><p>CARPRO PolyShave Decon Towel - Car Detailing Clay Decontamination Faster than Clay Bar, Clean & Release of Paint Contaminants and Glass - Increase Wax and Sealant Bond - 12" x 12" (1 Pack)</p><p>$39.97</p><a href="https://www.amazon.com/dp/B013K5V9PQ?tag=eloabder-20&linkCode=osi&th=1&psc=1">View Product</a></div><div class="product"><a href="https://www.amazon.com/dp/B0B788NBWG?tag=eloabder-20&linkCode=osi&th=1&psc=1"><img src="https://m.media-amazon.com/images/I/51NDfAOuEmL._SL500_.jpg" alt="Product Image"></a><p>P & S Professional Detail Products - Clay Decontamination Towel - Effective Cleaning & Release of Paint Contaminants; Increase Wax & Sealant Bond; Enhance Gloss & Depth of Color; Fine Grade-12" x 12"</p><p>$34.95</p><a href="https://www.amazon.com/dp/B0B788NBWG?tag=eloabder-20&linkCode=osi&th=1&psc=1">View Product</a></div><div class="product"><a href="https://www.amazon.com/dp/B0B27TFK69?tag=eloabder-20&linkCode=osi&th=1&psc=1"><img src="https://m.media-amazon.com/images/I/41zJPQIcqeL._SL500_.jpg" alt="Product Image"></a><p>The Rag Company - Ultra Clay Decontamination Mitt - Easy to Use; Effective Cleaning & Release of Paint Contaminants; Increase Wax & Sealant Bond; Enhance Gloss &Color Depth; Fine Grade (8.7"x5.7")</p><p>$34.95</p><a href="https://www.amazon.com/dp/B0B27TFK69?tag=eloabder-20&linkCode=osi&th=1&psc=1">View Product</a></div><div class="product"><a href="https://www.amazon.com/dp/B0C6XBN14N?tag=eloabder-20&linkCode=osi&th=1&psc=1"><img src="https://m.media-amazon.com/images/I/31BSavOJ89L._SL500_.jpg" alt="Product Image"></a><p>3D Iron Remover GLW Series | DIY Car Detailing | Hyper Effective Wheel Decontamination | Removes Iron Particles, Dirt, Brake Dust | Rapid Results | Ultimate Iron & Surface Contaminate Eliminator, 16oz</p><p>$17.99</p><a href="https://www.amazon.com/dp/B0C6XBN14N?tag=eloabder-20&linkCode=osi&th=1&psc=1">View Product</a></div>







<div class="product"><a href="https://www.amazon.com/dp/B0D2SPCW3G?tag=eloabder-20&linkCode=osi&th=1&psc=1"><img src="https://m.media-amazon.com/images/I/41JYIg6xqqL._SL500_.jpg" alt="Product Image"></a><p>Crankcase Ventilation Oil Separator with Gasket Compatible for 2008-2014 Volvo Mack D13 D16 MP8 Engine Replace 21122541 20499419</p><p>$155.99</p><a href="https://www.amazon.com/dp/B0D2SPCW3G?tag=eloabder-20&linkCode=osi&th=1&psc=1">View Product</a></div>

<div class="product"><a href="https://www.amazon.com/dp/B0C6M2FHGX?tag=eloabder-20&linkCode=osi&th=1&psc=1"><img src="https://m.media-amazon.com/images/I/21wWRrpHdbL._SL500_.jpg" alt="Product Image"></a><p>eMagTech 9PCS Warning Sign Please No Smoking Vaping Food Drink Stickers 110x50mm Self-Adhesive Vinyl Window Decal for Car Taxis Buses Minibuses</p><p>$9.49</p><a href="https://www.amazon.com/dp/B0C6M2FHGX?tag=eloabder-20&linkCode=osi&th=1&psc=1">View Product</a></div>

Aucun résultat trouvé.

<div class="product"><a href="https://www.amazon.com/dp/B0CVWZZMRY?tag=eloabder-20&linkCode=osi&th=1&psc=1"><img src="https://m.media-amazon.com/images/I/512y-1GwQNL._SL500_.jpg" alt="Product Image"></a><p>Jewkot 4 PCS Car Wiper Strip, 28" Boneless Structure Car Windshield Cleaning Wiper Strip, DIY Length Auxiliary Cleaning Replacement Accessory, Suitable for Most Cars, Vans, Trucks, Buses (Black)</p><p>$5.58</p><a href="https://www.amazon.com/dp/B0CVWZZMRY?tag=eloabder-20&linkCode=osi&th=1&psc=1">View Product</a></div>
<div class="product"><a href="https://www.amazon.com/dp/B07L3VQC6W?tag=eloabder-20&linkCode=osi&th=1&psc=1"><img src="https://m.media-amazon.com/images/I/41GebP+2HYL._SL500_.jpg" alt="Product Image"></a><p>BRISA VW Collection Volkswagen Air Freshener, Room Freshener, Deodorizer for Cars T1 Bus Campervan Motif (Citrus/Yellow/Set of 2)</p><p>$13.90 ($6.95 / Count)</p><a href="https://www.amazon.com/dp/B07L3VQC6W?tag=eloabder-20&linkCode=osi&th=1&psc=1">View Product</a></div><div class="product"><a href="https://www.amazon.com/dp/B07L3V86JS?tag=eloabder-20&linkCode=osi&th=1&psc=1"><img src="https://m.media-amazon.com/images/I/41TblWhKhQL._SL500_.jpg" alt="Product Image"></a><p>BRISA VW Collection Volkswagen Air Freshener, Room Freshener, Deodorizer for Cars T1 Bus Campervan Motif (New Car/Green/Set of 2)</p><p>$13.90 ($6.95 / Count)</p><a href="https://www.amazon.com/dp/B07L3V86JS?tag=eloabder-20&linkCode=osi&th=1&psc=1">View Product</a></div>


Aucun résultat trouvé.










<div class="product"><a href="https://www.amazon.com/dp/B099HL5SV2?tag=eloabder-20&linkCode=osi&th=1&psc=1"><img src="https://m.media-amazon.com/images/I/31kcR8HnylL._SL500_.jpg" alt="Product Image"></a><p>Philips GoPure GP5212 High Performance HEPA Air Purifier for Car, Removes up to 100 Pollutants, Exhaust Fumes, VOCs, Smoke, Bad Odors, Bacteria and Viruses</p><p>$77.59</p><a href="https://www.amazon.com/dp/B099HL5SV2?tag=eloabder-20&linkCode=osi&th=1&psc=1">View Product</a></div><div class="product"><a href="https://www.amazon.com/dp/B07TB419F7?tag=eloabder-20&linkCode=osi&th=1&psc=1"><img src="https://m.media-amazon.com/images/I/41l9XK-u-eL._SL500_.jpg" alt="Product Image"></a><p>Enoch Ionic Car Air Purifier with Dual USB Car Charger. Car Air Freshener Eliminates Odor, Dust. Removes Smoke, Pet and Food Odor. Ionic Ozone Car Deodorizer (Matt Black)</p><p>$24.50</p><a href="https://www.amazon.com/dp/B07TB419F7?tag=eloabder-20&linkCode=osi&th=1&psc=1">View Product</a></div><div class="product"><a href="https://www.amazon.com/dp/B08C9LKKMM?tag=eloabder-20&linkCode=osi&th=1&psc=1"><img src="https://m.media-amazon.com/images/I/41uJDRzxfrL._SL500_.jpg" alt="Product Image"></a><p>4WDKING Car Air Purifier Ionizer, 12V Plug-in Car Air Freshener Gadgets with Dual USB Charger Removes Cigarette Smoke, Pet and Food Odor, Ionic Ozone (Black)</p><p>$22.99</p><a href="https://www.amazon.com/dp/B08C9LKKMM?tag=eloabder-20&linkCode=osi&th=1&psc=1">View Product</a></div><div class="product"><a href="https://www.amazon.com/dp/B07C7D366L?tag=eloabder-20&linkCode=osi&th=1&psc=1"><img src="https://m.media-amazon.com/images/I/51GvjMcOskL._SL500_.jpg" alt="Product Image"></a><p>Car Air Purifier Ionizer - 12V Plug-in Ionic Anti-Microbial Car Deodorizer with Dual USB Charger - Smoke Smell, Pet and Food Odors, Allergens, Viruses Eliminator for Car (Matte Silver)</p><p>$24.99</p><a href="https://www.amazon.com/dp/B07C7D366L?tag=eloabder-20&linkCode=osi&th=1&psc=1">View Product</a></div><div class="product"><a href="https://www.amazon.com/dp/B086H3FW7T?tag=eloabder-20&linkCode=osi&th=1&psc=1"><img src="https://m.media-amazon.com/images/I/51FfQTz4koL._SL500_.jpg" alt="Product Image"></a><p>bmbu 1000g Large Bamboo Charcoal Air Purifier Bag - Car Deodorizer/Car Freshener - Remove Odor and Control Moisture in Your RV, Camper, SUV, Car, Truck, Closet, Mobile Home, Storage - Non Fragrant</p><p>$22.99 ($0.65 / Ounce)</p><a href="https://www.amazon.com/dp/B086H3FW7T?tag=eloabder-20&linkCode=osi&th=1&psc=1">View Product</a></div><div class="product"><a href="https://www.amazon.com/dp/B019NXUJ5K?tag=eloabder-20&linkCode=osi&th=1&psc=1"><img src="https://m.media-amazon.com/images/I/31grLw6pdUL._SL500_.jpg" alt="Product Image"></a><p>PURGGO Car Air Freshener - Lasts 365+ Days No Chemicals 100% Activated Bamboo Charcoal Fragrance-Free Deodorizer, Natural Auto Odor Eliminator, Purifier, Neutralizer, Absorb Smoke Smell</p><p>$25.99</p><a href="https://www.amazon.com/dp/B019NXUJ5K?tag=eloabder-20&linkCode=osi&th=1&psc=1">View Product</a></div><div class="product"><a href="https://www.amazon.com/dp/B0CT5TBKH5?tag=eloabder-20&linkCode=osi&th=1&psc=1"><img src="https://m.media-amazon.com/images/I/41UB7n6FuwL._SL500_.jpg" alt="Product Image"></a><p>Timgle 1 Pack Car Air Freshener, Lasts 365+ Days, No Chemicals 100% Activated Bamboo Charcoal Fragrance, Free Deodorizer, Natural Auto Odor Eliminator, Purifier, Neutralizer (Khaki Strap)</p><p>$10.99</p><a href="https://www.amazon.com/dp/B0CT5TBKH5?tag=eloabder-20&linkCode=osi&th=1&psc=1">View Product</a></div><div class="product"><a href="https://www.amazon.com/dp/B00V4049K2?tag=eloabder-20&linkCode=osi&th=1&psc=1"><img src="https://m.media-amazon.com/images/I/51rLLMGOc6L._SL500_.jpg" alt="Product Image"></a><p>PURGGO Car Air Freshener - Auto Odor Eliminator - 100% Activated Bamboo Charcoal Air Purifier, Ionizer - Absorb and Remove Smoke Smell - Fragrance-Free Deodorizer - Lasts 365+ Days [Classic Beige]</p><p>$25.99</p><a href="https://www.amazon.com/dp/B00V4049K2?tag=eloabder-20&linkCode=osi&th=1&psc=1">View Product</a></div>








<div class="product"><a href="https://www.amazon.com/dp/B00RYGK12K?tag=eloabder-20&linkCode=osi&th=1&psc=1"><img src="https://m.media-amazon.com/images/I/51RdEyCkvuL._SL500_.jpg" alt="Product Image"></a><p>Little Trees Cardboard Hanging Car, Home & Office Air Freshener, Summer Linen (Pack of 12)</p><p>$11.82 ($0.98 / Count)</p><a href="https://www.amazon.com/dp/B00RYGK12K?tag=eloabder-20&linkCode=osi&th=1&psc=1">View Product</a></div><div class="product"><a href="https://www.amazon.com/dp/B00LM54ZD0?tag=eloabder-20&linkCode=osi&th=1&psc=1"><img src="https://m.media-amazon.com/images/I/41YuRNweefL._SL500_.jpg" alt="Product Image"></a><p>LITTLE TREES Air Fresheners Car Air Freshener. Hanging Tree Provides Long Lasting Scent for Auto or Home. Black Ice, 24 Air Fresheners</p><p>$20.19 ($0.84 / Count)</p><a href="https://www.amazon.com/dp/B00LM54ZD0?tag=eloabder-20&linkCode=osi&th=1&psc=1">View Product</a></div><div class="product"><a href="https://www.amazon.com/dp/B09BB4V1Y8?tag=eloabder-20&linkCode=osi&th=1&psc=1"><img src="https://m.media-amazon.com/images/I/51AKMdDLO-L._SL500_.jpg" alt="Product Image"></a><p>DRIVEJOY Car Air Freshener Vent Clips, 8 PK, 6 Ocean, 2 New Car Scent, Car Fresheners for Men Women, Up to 240 Days, Long Lasting Air Freshener for Car, Odor Eliminator</p><p>$9.98 ($9.60 / Fl Oz)</p><a href="https://www.amazon.com/dp/B09BB4V1Y8?tag=eloabder-20&linkCode=osi&th=1&psc=1">View Product</a></div><div class="product"><a href="https://www.amazon.com/dp/B078JWRLYT?tag=eloabder-20&linkCode=osi&th=1&psc=1"><img src="https://m.media-amazon.com/images/I/41shbIl-LEL._SL500_.jpg" alt="Product Image"></a><p>California Scents Air Freshener 4-Pack Car Air Freshener (Coronado Cherry)</p><p>$12.88 ($2.15 / Ounce)</p><a href="https://www.amazon.com/dp/B078JWRLYT?tag=eloabder-20&linkCode=osi&th=1&psc=1">View Product</a></div><div class="product"><a href="https://www.amazon.com/dp/B0CW4CJWW9?tag=eloabder-20&linkCode=osi&th=1&psc=1"><img src="https://m.media-amazon.com/images/I/417lKQ0MXPL._SL500_.jpg" alt="Product Image"></a><p>Karma, Essential Oil Air Freshener for Cars Set of 2, Home & Office - Colorful Decorative Hanging Air Freshener with Tassel, Buttercup Vanilla Scented</p><p>$8.40 ($4.20 / Count)</p><a href="https://www.amazon.com/dp/B0CW4CJWW9?tag=eloabder-20&linkCode=osi&th=1&psc=1">View Product</a></div><div class="product"><a href="https://www.amazon.com/dp/B00AYCXL2I?tag=eloabder-20&linkCode=osi&th=1&psc=1"><img src="https://m.media-amazon.com/images/I/5165h10nKbL._SL500_.jpg" alt="Product Image"></a><p>Febreze Car Air Fresheners, New Car Scent, Odor Eliminator for Strong Odors Car Vent Clips (2 Count)</p><p>$9.98 ($4.99 / Count)</p><a href="https://www.amazon.com/dp/B00AYCXL2I?tag=eloabder-20&linkCode=osi&th=1&psc=1">View Product</a></div><div class="product"><a href="https://www.amazon.com/dp/B01LZ0N1MJ?tag=eloabder-20&linkCode=osi&th=1&psc=1"><img src="https://m.media-amazon.com/images/I/41J5LJGof9L._SL500_.jpg" alt="Product Image"></a><p>LITTLE TREES Car Air Freshener | Hanging Paper Tree for Home or Car | New Car Scent | 12 Pack</p><p>$11.70 ($0.98 / Count)</p><a href="https://www.amazon.com/dp/B01LZ0N1MJ?tag=eloabder-20&linkCode=osi&th=1&psc=1">View Product</a></div><div class="product"><a href="https://www.amazon.com/dp/B0C2Q2VGPZ?tag=eloabder-20&linkCode=osi&th=1&psc=1"><img src="https://m.media-amazon.com/images/I/413gckSL1EL._SL500_.jpg" alt="Product Image"></a><p>Savage Disposable Card Freshener for Men | Car Scents Air Freshener with Sauvage Fragrance | Strong Car Perfume Air Freshener with Odour Eliminating Technology | Suvage by Perfa</p><p>$6.99</p><a href="https://www.amazon.com/dp/B0C2Q2VGPZ?tag=eloabder-20&linkCode=osi&th=1&psc=1">View Product</a></div>




<div class="product"><a href="https://www.amazon.com/dp/B06WVL7YSG?tag=eloabder-20&linkCode=osi&th=1&psc=1"><img src="https://m.media-amazon.com/images/I/51fO0NuM6nL._SL500_.jpg" alt="Product Image"></a><p>Meguiar's Quik Scratch Eraser Kit, Car Scratch Remover for Repairing Surface Blemishes, Car Care Kit with ScratchX, Drill-Mounted Pad, and Microfiber Towel, 3 Count</p><p>$17.97</p><a href="https://www.amazon.com/dp/B06WVL7YSG?tag=eloabder-20&linkCode=osi&th=1&psc=1">View Product</a></div><div class="product"><a href="https://www.amazon.com/dp/B00P67GSRG?tag=eloabder-20&linkCode=osi&th=1&psc=1"><img src="https://m.media-amazon.com/images/I/41R-vt8tcnL._SL500_.jpg" alt="Product Image"></a><p>Chemical Guys GAP_VKIT_16 V Line Polish and Compound Kit For Light to Heavy Swirls & Scratches (Safe for Cars, Trucks, SUVs, RVs, Motorcycles, & More) 4 - 16 fl oz Items</p><p>$69.99</p><a href="https://www.amazon.com/dp/B00P67GSRG?tag=eloabder-20&linkCode=osi&th=1&psc=1">View Product</a></div>
<div class="product"><a href="https://www.amazon.com/dp/B0BQ1CPLSQ?tag=eloabder-20&linkCode=osi&th=1&psc=1"><img src="https://m.media-amazon.com/images/I/41ikSNNgp5L._SL500_.jpg" alt="Product Image"></a><p>PROPER DETAILING CO. Car Detailing Kit Interior Cleaner, Get Professional Results - Car Interior Cleaning Kit includes 16 oz. interior cleaner, premium boars hair detail brush, and 2 microfiber towels</p><p>$23.99</p><a href="https://www.amazon.com/dp/B0BQ1CPLSQ?tag=eloabder-20&linkCode=osi&th=1&psc=1">View Product</a></div>






<div class="product"><a href="https://www.amazon.com/dp/B004VG6SWS?tag=eloabder-20&linkCode=osi&th=1&psc=1"><img src="https://m.media-amazon.com/images/I/31M54KTIo2L._SL500_.jpg" alt="Product Image"></a><p>3M Scotchgard Clear Paint Protection Bulk Film Roll 12-by-72-inches</p><p>$38.00</p><a href="https://www.amazon.com/dp/B004VG6SWS?tag=eloabder-20&linkCode=osi&th=1&psc=1">View Product</a></div><div class="product"><a href="https://www.amazon.com/dp/B073X7WF5J?tag=eloabder-20&linkCode=osi&th=1&psc=1"><img src="https://m.media-amazon.com/images/I/41PIPchJvFL._SL500_.jpg" alt="Product Image"></a><p>VViViD 3M Clear Paint Protection Vinyl Film 6 Inch x 25 Inch</p><p>$9.99</p><a href="https://www.amazon.com/dp/B073X7WF5J?tag=eloabder-20&linkCode=osi&th=1&psc=1">View Product</a></div>

<div class="product"><a href="https://www.amazon.com/dp/B09VLKQY83?tag=eloabder-20&linkCode=osi&th=1&psc=1"><img src="https://m.media-amazon.com/images/I/41HrqrTIGUL._SL500_.jpg" alt="Product Image"></a><p>Charcoal 2PLY Nano Ceramic 20% VLT Car Tint 36 in x 25 FT Professional Window Tint Heat, UV 99%, and IRR 85% to 90% Tint for Cars or Building Adhesive Film Easy Shrink, Plotter Friendly</p><p>$56.95 ($0.76 / Sq Ft)</p><a href="https://www.amazon.com/dp/B09VLKQY83?tag=eloabder-20&linkCode=osi&th=1&psc=1">View Product</a></div><div class="product"><a href="https://www.amazon.com/dp/B000CAM2ZO?tag=eloabder-20&linkCode=osi&th=1&psc=1"><img src="https://m.media-amazon.com/images/I/31zB99KwKWL._SL500_.jpg" alt="Product Image"></a><p>Black Magic 5060107 Professional Anti-Heat Layer Tint Film, 5% VLT, 24-Inches x 78-Inches</p><p>$20.26 ($1.56 / Sq Ft)</p><a href="https://www.amazon.com/dp/B000CAM2ZO?tag=eloabder-20&linkCode=osi&th=1&psc=1">View Product</a></div>


<div class="product"><a href="https://www.amazon.com/dp/B0D464228M?tag=eloabder-20&linkCode=osi&th=1&psc=1"><img src="https://m.media-amazon.com/images/I/315VtBe9l-L._SL500_.jpg" alt="Product Image"></a><p>Drift Car Air Freshener - Wood Air Freshener - Car Odor Eliminator - Open Air Scent Starter Kit</p><p>$11.95</p><a href="https://www.amazon.com/dp/B0D464228M?tag=eloabder-20&linkCode=osi&th=1&psc=1">View Product</a></div>
<div class="product"><a href="https://www.amazon.com/dp/B071HR14SJ?tag=eloabder-20&linkCode=osi&th=1&psc=1"><img src="https://m.media-amazon.com/images/I/41crypCefDL._SL500_.jpg" alt="Product Image"></a><p>Meguiar's Gold Class Car Wash Soap, Ultra-Rich Car Wash Soap and Conditioner for Car Cleaning, Car Wash Soap to Clean and Condition in One Easy Step, 1 Gallon Car Wash Soap</p><p>$24.99 ($0.20 / Ounce)</p><a href="https://www.amazon.com/dp/B071HR14SJ?tag=eloabder-20&linkCode=osi&th=1&psc=1">View Product</a></div><div class="product"><a href="https://www.amazon.com/dp/B085R9L9Q9?tag=eloabder-20&linkCode=osi&th=1&psc=1"><img src="https://m.media-amazon.com/images/I/41tAv1FNbZL._SL500_.jpg" alt="Product Image"></a><p>Armor All Extreme Shield Protectant Spray , Interior Car Cleaner with UV Protection Against Cracking and Fading, 16 Fl Oz</p><p>$8.98 ($0.56 / Fl Oz)</p><a href="https://www.amazon.com/dp/B085R9L9Q9?tag=eloabder-20&linkCode=osi&th=1&psc=1">View Product</a></div><div class="product"><a href="https://www.amazon.com/dp/B016NA9Y4S?tag=eloabder-20&linkCode=osi&th=1&psc=1"><img src="https://m.media-amazon.com/images/I/31oz8VJFdjL._SL500_.jpg" alt="Product Image"></a><p>Rain-X 5079281-2 Latitude 2-In-1 Wiper Blades, 26 Inch Windshield Wipers (Pack Of 1), Automotive Replacement Windshield Wiper Blades With Patented Rain-X Water Repellency Formula</p><p>$17.08</p><a href="https://www.amazon.com/dp/B016NA9Y4S?tag=eloabder-20&linkCode=osi&th=1&psc=1">View Product</a></div><div class="product"><a href="https://www.amazon.com/dp/B0D2PCCJVK?tag=eloabder-20&linkCode=osi&th=1&psc=1"><img src="https://m.media-amazon.com/images/I/41BFT-c3a9L._SL500_.jpg" alt="Product Image"></a><p>HoogaLife Car Air Freshener Diffuser – Revitalize Your Drive with Hanging Air Freshener Diffuser Aromatic Bliss On The Go(VANILLA CREAM)</p><p>$12.99 ($24.06 / Fl Oz)</p><a href="https://www.amazon.com/dp/B0D2PCCJVK?tag=eloabder-20&linkCode=osi&th=1&psc=1">View Product</a></div><div class="product"><a href="https://www.amazon.com/dp/B0D17SKCLF?tag=eloabder-20&linkCode=osi&th=1&psc=1"><img src="https://m.media-amazon.com/images/I/51VjaK8JNmL._SL500_.jpg" alt="Product Image"></a><p>AIDEA Car Wash Mitt Microfiber, 1PK-Scratch-Free& Lint-Free, Premium Chenille Microfiber Wash Mitt-Green Regular Size (7.12''X10.14'')</p><p>$5.99</p><a href="https://www.amazon.com/dp/B0D17SKCLF?tag=eloabder-20&linkCode=osi&th=1&psc=1">View Product</a></div>








<div class="product"><a href="https://www.amazon.com/dp/B00UZE8D00?tag=eloabder-20&linkCode=osi&th=1&psc=1"><img src="https://m.media-amazon.com/images/I/517VVkgvgcL._SL500_.jpg" alt="Product Image"></a><p>Chemical Guys HOL_996 Convertible Top Cleaner and Protectant Kit, 16 oz, 2 Items</p><p>$29.99</p><a href="https://www.amazon.com/dp/B00UZE8D00?tag=eloabder-20&linkCode=osi&th=1&psc=1">View Product</a></div><div class="product"><a href="https://www.amazon.com/dp/B004HCS4NW?tag=eloabder-20&linkCode=osi&th=1&psc=1"><img src="https://m.media-amazon.com/images/I/41j5b6xRqNL._SL500_.jpg" alt="Product Image"></a><p>Meguiar's Convertible Top Cleaner - Fabric Convertible Top Cleaner and Vinyl Convertible Top Cleaner in One Advanced Formula - Safely Removes Stains, Mildew, Bird Droppings, and More, 16 Oz</p><p>$6.87 ($0.43 / Ounce)</p><a href="https://www.amazon.com/dp/B004HCS4NW?tag=eloabder-20&linkCode=osi&th=1&psc=1">View Product</a></div><div class="product"><a href="https://www.amazon.com/dp/B00UZE80N0?tag=eloabder-20&linkCode=osi&th=1&psc=1"><img src="https://m.media-amazon.com/images/I/31FG83SK9SL._SL500_.jpg" alt="Product Image"></a><p>Chemical Guys SPI_193_16 Convertible Top Protectant and Repellent, (Helps Prevent Fading & Discoloration on Fabric Sot Tops) 16 fl oz (Packaging May Vary)</p><p>$19.99 ($1.25 / Fl Oz)</p><a href="https://www.amazon.com/dp/B00UZE80N0?tag=eloabder-20&linkCode=osi&th=1&psc=1">View Product</a></div><div class="product"><a href="https://www.amazon.com/dp/B00UZE8C1A?tag=eloabder-20&linkCode=osi&th=1&psc=1"><img src="https://m.media-amazon.com/images/I/31aLnXKZxfL._SL500_.jpg" alt="Product Image"></a><p>Chemical Guys ACC_S94 Convertible Top Horse Hair Cleaning Brush, Safe for Cloth Soft Tops, Upholstery, Leather, Furniture, & More</p><p>$14.99</p><a href="https://www.amazon.com/dp/B00UZE8C1A?tag=eloabder-20&linkCode=osi&th=1&psc=1">View Product</a></div><div class="product"><a href="https://www.amazon.com/dp/B000A8JNF0?tag=eloabder-20&linkCode=osi&th=1&psc=1"><img src="https://m.media-amazon.com/images/I/51PLChiVIrL._SL500_.jpg" alt="Product Image"></a><p>303 Products Convertible Fabric Top Cleaning and Care Kit - Cleans And Protects Fabric Tops - Includes Tonneau Cover And Convertible Top Cleaner 16 fl. oz. + Fabric Guard, (30520)</p><p>$32.79 ($1.02 / Fl Oz)</p><a href="https://www.amazon.com/dp/B000A8JNF0?tag=eloabder-20&linkCode=osi&th=1&psc=1">View Product</a></div>
<div class="product"><a href="https://www.amazon.com/dp/B0BCQ1XMWV?tag=eloabder-20&linkCode=osi&th=1&psc=1"><img src="https://m.media-amazon.com/images/I/41lV6Au-S9L._SL500_.jpg" alt="Product Image"></a><p>EMITHSUN® Windshield Wiper Blades Replacement for Honda Civic Coupe 2 Door 2005-2011,That Meet OEM Quality Front Wipers Blade Set for My Car-28"+24"(Set of 2)</p><p>$19.99</p><a href="https://www.amazon.com/dp/B0BCQ1XMWV?tag=eloabder-20&linkCode=osi&th=1&psc=1">View Product</a></div>
<div class="product"><a href="https://www.amazon.com/dp/B00I8ITVZG?tag=eloabder-20&linkCode=osi&th=1&psc=1"><img src="https://m.media-amazon.com/images/I/41TXd564pcL._SL500_.jpg" alt="Product Image"></a><p>ECOGARD XC36067 Premium Cabin Air Filter Fits Hyundai Genesis 2009-2016, Equus 2011-2016 | Genesis G80 2017-2021, G90 2019-2021, GV80 2021 | Kia K900 2020</p><p>$10.98</p><a href="https://www.amazon.com/dp/B00I8ITVZG?tag=eloabder-20&linkCode=osi&th=1&psc=1">View Product</a></div>

<div class="product"><a href="https://www.amazon.com/dp/B097C3NCP1?tag=eloabder-20&linkCode=osi&th=1&psc=1"><img src="https://m.media-amazon.com/images/I/41GXST2+s6L._SL500_.jpg" alt="Product Image"></a><p>Raidbee 12 inch Rear Wiper Blade Replacement for Toyota Corolla Hatchback 2022-2019, Nissan Versa 2019-2014 Back Windshield Wiper (H306/12-B)</p><p>$6.99</p><a href="https://www.amazon.com/dp/B097C3NCP1?tag=eloabder-20&linkCode=osi&th=1&psc=1">View Product</a></div>



<div class="product"><a href="https://www.amazon.com/dp/B0CQ4MLKHJ?tag=eloabder-20&linkCode=osi&th=1&psc=1"><img src="https://m.media-amazon.com/images/I/519f8covwQL._SL500_.jpg" alt="Product Image"></a><p>Feetiger All-in-1 Fire Extinguisher for Home, Kitchen, Car, Garage, RV, Truck, Boat, Camping, Fire Spray that Tackles Multiple Types of Fire, 2pack</p><p>$39.99</p><a href="https://www.amazon.com/dp/B0CQ4MLKHJ?tag=eloabder-20&linkCode=osi&th=1&psc=1">View Product</a></div>
<div class="product"><a href="https://www.amazon.com/dp/B07TS4JV6H?tag=eloabder-20&linkCode=osi&th=1&psc=1"><img src="https://m.media-amazon.com/images/I/412htpDd6fL._SL500_.jpg" alt="Product Image"></a><p>Police Flag Air Freshener, New Car Scent, 6-Pack</p><p>$9.99 ($1.66 / Count)</p><a href="https://www.amazon.com/dp/B07TS4JV6H?tag=eloabder-20&linkCode=osi&th=1&psc=1">View Product</a></div>


<div class="product"><a href="https://www.amazon.com/dp/B009EU5ZNO?tag=eloabder-20&linkCode=osi&th=1&psc=1"><img src="https://m.media-amazon.com/images/I/515MJLZbnoL._SL500_.jpg" alt="Product Image"></a><p>J-B Weld 50133 Plastic Bonder Structural Adhesive Syringe - Tan - 25 ml</p><p>$6.98 ($8.21 / Fl Oz)</p><a href="https://www.amazon.com/dp/B009EU5ZNO?tag=eloabder-20&linkCode=osi&th=1&psc=1">View Product</a></div>



<div class="product"><a href="https://www.amazon.com/dp/B09P6YZP72?tag=eloabder-20&linkCode=osi&th=1&psc=1"><img src="https://m.media-amazon.com/images/I/416rlvu+ayL._SL500_.jpg" alt="Product Image"></a><p>AUTOBOO 26"+20" Windshield Wipers with 16" Rear Wiper Blade Replacement for Dodge Grand Caravan 2008-2012 2013 2014 2015 2016 2017 2018 2019 -Original Factory Quality (Pack of 3)</p><p>$23.99</p><a href="https://www.amazon.com/dp/B09P6YZP72?tag=eloabder-20&linkCode=osi&th=1&psc=1">View Product</a></div><div class="product"><a href="https://www.amazon.com/dp/B0BLYQBDS8?tag=eloabder-20&linkCode=osi&th=1&psc=1"><img src="https://m.media-amazon.com/images/I/51SbpSR2zBL._SL500_.jpg" alt="Product Image"></a><p>A-Premium Engine Air Filter Compatible with Chrysler Town & Country & Dodge Grand Caravan & Ram C/V & Volkswagen Routan, 2011-2020, Flexible Panel, Replace# 4861737AA</p><p>$12.99</p><a href="https://www.amazon.com/dp/B0BLYQBDS8?tag=eloabder-20&linkCode=osi&th=1&psc=1">View Product</a></div>
<div class="product"><a href="https://www.amazon.com/dp/B001FCB4JS?tag=eloabder-20&linkCode=osi&th=1&psc=1"><img src="https://m.media-amazon.com/images/I/21wq6fxqiVL._SL500_.jpg" alt="Product Image"></a><p>Dicor BT-1834-1 Butyl Seal Tape - 1/8" x 3/4" x 30' Repair Tape for RV, Trailer, Motorhome, Window, and Vent Sealing</p><p>$13.15 ($0.44 / Foot)</p><a href="https://www.amazon.com/dp/B001FCB4JS?tag=eloabder-20&linkCode=osi&th=1&psc=1">View Product</a></div>
<div class="product"><a href="https://www.amazon.com/dp/B000BUQOD6?tag=eloabder-20&linkCode=osi&th=1&psc=1"><img src="https://m.media-amazon.com/images/I/41O0CoP1L3L._SL500_.jpg" alt="Product Image"></a><p>Camco Camper/RV Toilet Paper | Sewer-Safe, Septic-Safe & Biodegradable | Designed for Camper, Trailer & Marine Sanitation Systems | 1-Ply Tissue | 4 Toilet Paper Rolls – 280 Sheets per Roll (40275)</p><p>$5.99 ($2.14 / 100 Sheets)</p><a href="https://www.amazon.com/dp/B000BUQOD6?tag=eloabder-20&linkCode=osi&th=1&psc=1">View Product</a></div><div class="product"><a href="https://www.amazon.com/dp/B007JG1W1E?tag=eloabder-20&linkCode=osi&th=1&psc=1"><img src="https://m.media-amazon.com/images/I/41i-j99E9ML._SL500_.jpg" alt="Product Image"></a><p>Camco TST Camper / RV Grey Water Odor Control - Removes Grease Buildup in Gray Water Tank, Sink & Shower Drains - 4oz Treats 40-Gal Holding Tank - Safe Septic Tank Treatment - Lemon, 64 oz (40256)</p><p>$19.94 ($0.31 / Fl Oz)</p><a href="https://www.amazon.com/dp/B007JG1W1E?tag=eloabder-20&linkCode=osi&th=1&psc=1">View Product</a></div><div class="product"><a href="https://www.amazon.com/dp/B016V2OSD0?tag=eloabder-20&linkCode=osi&th=1&psc=1"><img src="https://m.media-amazon.com/images/I/31Jm99RYVXL._SL500_.jpg" alt="Product Image"></a><p>Camco TST MAX RV Toilet Treatment Drop-INs | Control Unwanted Odors and Break Down Waste and Tissue | Septic Tank Safe | Lavender Scent | 15-pack (41559)</p><p>$11.97 ($0.80 / Count)</p><a href="https://www.amazon.com/dp/B016V2OSD0?tag=eloabder-20&linkCode=osi&th=1&psc=1">View Product</a></div>






<div class="product"><a href="https://www.amazon.com/dp/B006GJYOL0?tag=eloabder-20&linkCode=osi&th=1&psc=1"><img src="https://m.media-amazon.com/images/I/41YPjiCzDfL._SL500_.jpg" alt="Product Image"></a><p>Boat Bling HS-0128 Hot Sauce Hard Water Spot Remover, Gallon Refill, for Boats, RVs, Powersport Vehicles and More, Black,1 Gallon</p><p>$54.95 ($0.43 / Fl Oz)</p><a href="https://www.amazon.com/dp/B006GJYOL0?tag=eloabder-20&linkCode=osi&th=1&psc=1">View Product</a></div><div class="product"><a href="https://www.amazon.com/dp/B0000AXVCB?tag=eloabder-20&linkCode=osi&th=1&psc=1"><img src="https://m.media-amazon.com/images/I/51gtsDb7zDL._SL500_.jpg" alt="Product Image"></a><p>Meguiar's M4364 Marine/RV Boat Wash - 64 Oz Container</p><p>$13.99 ($0.22 / Fl Oz)</p><a href="https://www.amazon.com/dp/B0000AXVCB?tag=eloabder-20&linkCode=osi&th=1&psc=1">View Product</a></div><div class="product"><a href="https://www.amazon.com/dp/B0007TR47G?tag=eloabder-20&linkCode=osi&th=1&psc=1"><img src="https://m.media-amazon.com/images/I/41Q4SzlVojL._SL500_.jpg" alt="Product Image"></a><p>Meguiar's Flagship Premium Marine Wax, Boat Polish and Oxidation Remover - 32 Oz Bottle</p><p>$21.49</p><a href="https://www.amazon.com/dp/B0007TR47G?tag=eloabder-20&linkCode=osi&th=1&psc=1">View Product</a></div><div class="product"><a href="https://www.amazon.com/dp/B006GJYLFY?tag=eloabder-20&linkCode=osi&th=1&psc=1"><img src="https://m.media-amazon.com/images/I/31G78TSjssL._SL500_.jpg" alt="Product Image"></a><p>Boat Bling Condition Sauce Premium Interior Moisturizer w/UV Protection, 32 oz.</p><p>$27.95</p><a href="https://www.amazon.com/dp/B006GJYLFY?tag=eloabder-20&linkCode=osi&th=1&psc=1">View Product</a></div><div class="product"><a href="https://www.amazon.com/dp/B006GJYKWI?tag=eloabder-20&linkCode=osi&th=1&psc=1"><img src="https://m.media-amazon.com/images/I/41AcDanNz-L._SL500_.jpg" alt="Product Image"></a><p>Boat Bling VS-0032 Vinyl Sauce Premium Vinyl and Leather Cleaner, 32 Oz., for Boats, RVs, Powersport Vehicles and More</p><p>$22.95 ($0.72 / Fl Oz)</p><a href="https://www.amazon.com/dp/B006GJYKWI?tag=eloabder-20&linkCode=osi&th=1&psc=1">View Product</a></div>
<div class="product"><a href="https://www.amazon.com/dp/B004OJTEKK?tag=eloabder-20&linkCode=osi&th=1&psc=1"><img src="https://m.media-amazon.com/images/I/41q8kkNiKOL._SL500_.jpg" alt="Product Image"></a><p>Shurhold Yacht Brite YBP-0302 Brite Wash - 1 Gallon</p><p>$23.97 ($0.19 / Fl Oz)</p><a href="https://www.amazon.com/dp/B004OJTEKK?tag=eloabder-20&linkCode=osi&th=1&psc=1">View Product</a></div>




<div class="product"><a href="https://www.amazon.com/dp/B0B2RDZNZB?tag=eloabder-20&linkCode=osi&th=1&psc=1"><img src="https://m.media-amazon.com/images/I/51RVSUoRuGL._SL500_.jpg" alt="Product Image"></a><p>Fancemot Helicopter Car Air Fresheners Rotating Solar Car Fresheners Airplane Car Perfume (Osmanthus & Vanilla)</p><p>$14.08</p><a href="https://www.amazon.com/dp/B0B2RDZNZB?tag=eloabder-20&linkCode=osi&th=1&psc=1">View Product</a></div><div class="product"><a href="https://www.amazon.com/dp/B0994PG1ZD?tag=eloabder-20&linkCode=osi&th=1&psc=1"><img src="https://m.media-amazon.com/images/I/413er0A8cVS._SL500_.jpg" alt="Product Image"></a><p>NICEADA Car Air Freshener, Helicopter Solar Energy Rotating Aromatherapy Aviation Al Alloy Diffuser, Interior Decoration Accessories Diffuser for Car and Home (Silver)</p><p>$23.99</p><a href="https://www.amazon.com/dp/B0994PG1ZD?tag=eloabder-20&linkCode=osi&th=1&psc=1">View Product</a></div><div class="product"><a href="https://www.amazon.com/dp/B09ZTMZKSJ?tag=eloabder-20&linkCode=osi&th=1&psc=1"><img src="https://m.media-amazon.com/images/I/41rz5PydC9L._SL500_.jpg" alt="Product Image"></a><p>Air Freshener, Gigicloud Car Fragrance Diffuser Solar Rotating Automotive Air Fresheners Ornament Helicopter Shape Solid Aromatherapy Decoration for Car and Home (Black)</p><p>$15.49</p><a href="https://www.amazon.com/dp/B09ZTMZKSJ?tag=eloabder-20&linkCode=osi&th=1&psc=1">View Product</a></div><div class="product"><a href="https://www.amazon.com/dp/B0CWNNPCD3?tag=eloabder-20&linkCode=osi&th=1&psc=1"><img src="https://m.media-amazon.com/images/I/51nznnJJhfL._SL500_.jpg" alt="Product Image"></a><p>Car Air Freshener Diffuser, KaiDengZhe 1PCS Helicopter Solar Energy Rotating Aromatherapy Aviation Al Alloy Diffuser, Car Diffuser for Essential Oils, Relieve Stress and Purifie Odors for Car and Home</p><p>$15.99</p><a href="https://www.amazon.com/dp/B0CWNNPCD3?tag=eloabder-20&linkCode=osi&th=1&psc=1">View Product</a></div><div class="product"><a href="https://www.amazon.com/dp/B0B8T47G65?tag=eloabder-20&linkCode=osi&th=1&psc=1"><img src="https://m.media-amazon.com/images/I/41d6cgVheqL._SL500_.jpg" alt="Product Image"></a><p>Joyfunky Car Air Fresheners with Solar Rotating, Creative Car Perfume Decoration, Relieve Stress and Purifie Odors, Use at Car, office and Home, Silver</p><p>$12.99</p><a href="https://www.amazon.com/dp/B0B8T47G65?tag=eloabder-20&linkCode=osi&th=1&psc=1">View Product</a></div><div class="product"><a href="https://www.amazon.com/dp/B0D4ZHJVK8?tag=eloabder-20&linkCode=osi&th=1&psc=1"><img src="https://m.media-amazon.com/images/I/41sEhsjtb4L._SL500_.jpg" alt="Product Image"></a><p>NICEADA Helicopter Solar Car Air Freshener Refill Set, Solar Essential Oil Refill Perfume Oil for Car Air Fresheners(4 Packs)</p><p>$21.99 ($24.99 / Fl Oz)</p><a href="https://www.amazon.com/dp/B0D4ZHJVK8?tag=eloabder-20&linkCode=osi&th=1&psc=1">View Product</a></div><div class="product"><a href="https://www.amazon.com/dp/B0D251XW47?tag=eloabder-20&linkCode=osi&th=1&psc=1"><img src="https://m.media-amazon.com/images/I/41x6lmNq9fL._SL500_.jpg" alt="Product Image"></a><p>Helicopter Car Air Fresheners with Solar Rotating, Creative Car Perfume Decoration, Car Airplane Fragrance Diffuser for Car, Home, Office (Silver)</p><p>$13.09</p><a href="https://www.amazon.com/dp/B0D251XW47?tag=eloabder-20&linkCode=osi&th=1&psc=1">View Product</a></div>

<div class="product"><a href="https://www.amazon.com/dp/B0D4154TQG?tag=eloabder-20&linkCode=osi&th=1&psc=1"><img src="https://m.media-amazon.com/images/I/217Iw-nO3UL._SL500_.jpg" alt="Product Image"></a><p>RV Curtain Glide Tape A115, 1/2 Inch Glides Clear RV Curtain Strip Curtain Slide Tape 72 Inches Long Use with Ceiling or Wall Mount Curtain Track A201 A202 (2 Pack)</p><p>$17.99</p><a href="https://www.amazon.com/dp/B0D4154TQG?tag=eloabder-20&linkCode=osi&th=1&psc=1">View Product</a></div>
<div class="product"><a href="https://www.amazon.com/dp/B08W4PQN8L?tag=eloabder-20&linkCode=osi&th=1&psc=1"><img src="https://m.media-amazon.com/images/I/41udmrd6QTL._SL500_.jpg" alt="Product Image"></a><p>Hot Air Balloon Novelty Air Freshener for Car - Sandalwood Scented Automotive Accessory New Mexico Souvenir Gift (Pack of 4)</p><p>$7.99 ($2.00 / Count)</p><a href="https://www.amazon.com/dp/B08W4PQN8L?tag=eloabder-20&linkCode=osi&th=1&psc=1">View Product</a></div>















<div class="product"><a href="https://www.amazon.com/dp/B0CP87K2VD?tag=eloabder-20&linkCode=osi&th=1&psc=1"><img src="https://m.media-amazon.com/images/I/41dTH4OPkcL._SL500_.jpg" alt="Product Image"></a><p>For harley air cleaner filter Touring street glide road king electra tri trike Dyna Sportster XL 883 1200 Softail air intake (Drift style -Contrast Cut, C-For Touring 08-16, Softail 16-17)</p><p>$125.00</p><a href="https://www.amazon.com/dp/B0CP87K2VD?tag=eloabder-20&linkCode=osi&th=1&psc=1">View Product</a></div><div class="product"><a href="https://www.amazon.com/dp/B08DNLNY3G?tag=eloabder-20&linkCode=osi&th=1&psc=1"><img src="https://m.media-amazon.com/images/I/51baNj3o8CL._SL500_.jpg" alt="Product Image"></a><p>2963308 HD1508 Ultra Classic Air Filter Cleaner for 2008-2014 Harley Davidson Street Glide, Electra Glide, Road King, Road Glide Custom, Ultra Classic and other select models HD-1508</p><p>$21.99</p><a href="https://www.amazon.com/dp/B08DNLNY3G?tag=eloabder-20&linkCode=osi&th=1&psc=1">View Product</a></div><div class="product"><a href="https://www.amazon.com/dp/B0CQ2KKC3N?tag=eloabder-20&linkCode=osi&th=1&psc=1"><img src="https://m.media-amazon.com/images/I/31W2a0gAwIL._SL500_.jpg" alt="Product Image"></a><p>High-Flo Replacement Air Filter Element For Ventilator - Milwaukee-Eight Engine '18-later Softail and '17-later Touring and Trike Models Equipped with 114 Air Cleaner</p><p>$39.99</p><a href="https://www.amazon.com/dp/B0CQ2KKC3N?tag=eloabder-20&linkCode=osi&th=1&psc=1">View Product</a></div><div class="product"><a href="https://www.amazon.com/dp/B0CPJ5BSGM?tag=eloabder-20&linkCode=osi&th=1&psc=1"><img src="https://m.media-amazon.com/images/I/41cUadnGKpL._SL500_.jpg" alt="Product Image"></a><p>For harley air cleaner filter sportster street road glide king for harley davidson motorcycle air intake (Nake style -Black, A-For Sportster XL models)</p><p>$169.00</p><a href="https://www.amazon.com/dp/B0CPJ5BSGM?tag=eloabder-20&linkCode=osi&th=1&psc=1">View Product</a></div><div class="product"><a href="https://www.amazon.com/dp/B0CR17NS1M?tag=eloabder-20&linkCode=osi&th=1&psc=1"><img src="https://m.media-amazon.com/images/I/41n57oM0A-L._SL500_.jpg" alt="Product Image"></a><p>For harley air cleaner filter Sportster Softail Touring street road king glide Dyna for harley davidson air intake filters (Speed 7 style -gray filter, C-For Touring 08-16, Softail 16-17)</p><p>$89.00</p><a href="https://www.amazon.com/dp/B0CR17NS1M?tag=eloabder-20&linkCode=osi&th=1&psc=1">View Product</a></div><div class="product"><a href="https://www.amazon.com/dp/B0CR167HDN?tag=eloabder-20&linkCode=osi&th=1&psc=1"><img src="https://m.media-amazon.com/images/I/41o4byfzbRL._SL500_.jpg" alt="Product Image"></a><p>For harley davidson air cleaner filter sportster Touring street glide road king electra Dyna Softail motorcycle air intake (Chromed- gray filter, C-For Touring 2008-2016)</p><p>$99.00</p><a href="https://www.amazon.com/dp/B0CR167HDN?tag=eloabder-20&linkCode=osi&th=1&psc=1">View Product</a></div>







<div class="product"><a href="https://www.amazon.com/dp/B08WH8CWDM?tag=eloabder-20&linkCode=osi&th=1&psc=1"><img src="https://m.media-amazon.com/images/I/41Jj3ouB+1L._SL500_.jpg" alt="Product Image"></a><p>Glaze 'N Seal Color Enhancer Paver Sealer, 1 Gallon (923)</p><p>$62.99</p><a href="https://www.amazon.com/dp/B08WH8CWDM?tag=eloabder-20&linkCode=osi&th=1&psc=1">View Product</a></div>

<div class="product"><a href="https://www.amazon.com/dp/B0B58G8WRX?tag=eloabder-20&linkCode=osi&th=1&psc=1"><img src="https://m.media-amazon.com/images/I/41hjxJMTGJL._SL500_.jpg" alt="Product Image"></a><p>Solarhome Air Filter 333-D2696 333D2696 Compatible with JCB Backhoe Loader 3CX 4CX Telehandler 531-70</p><p>$34.50</p><a href="https://www.amazon.com/dp/B0B58G8WRX?tag=eloabder-20&linkCode=osi&th=1&psc=1">View Product</a></div>




<div class="product"><a href="https://www.amazon.com/dp/B07G7XG6BV?tag=eloabder-20&linkCode=osi&th=1&psc=1"><img src="https://m.media-amazon.com/images/I/510tZGutn6L._SL500_.jpg" alt="Product Image"></a><p>Holikme 6Pack Cleaning Brush Power Scrubber Cleaning Brush Extended Long Attachment Set All Purpose Scrub Brushes Kit for Grout, Floor, Tub, Shower, Tile, Bathroom,Car Cleaning Brush，Yellow</p><p>$6.95</p><a href="https://www.amazon.com/dp/B07G7XG6BV?tag=eloabder-20&linkCode=osi&th=1&psc=1">View Product</a></div>



<div class="product"><a href="https://www.amazon.com/dp/B000FW2NWQ?tag=eloabder-20&linkCode=osi&th=1&psc=1"><img src="https://m.media-amazon.com/images/I/31VlBDw7uDL._SL500_.jpg" alt="Product Image"></a><p>Performance Tool W233 12-Inch Long Reach Extension Scraper with 3pc Double Edged Plastic Razor Scraper Blades and 3pc Carbon Steel Razor Scraper Blades</p><p>$10.31</p><a href="https://www.amazon.com/dp/B000FW2NWQ?tag=eloabder-20&linkCode=osi&th=1&psc=1">View Product</a></div>
<div class="product"><a href="https://www.amazon.com/dp/B0BV2CQ5SW?tag=eloabder-20&linkCode=osi&th=1&psc=1"><img src="https://m.media-amazon.com/images/I/51VkTDjGg4L._SL500_.jpg" alt="Product Image"></a><p>Filterelated Mixed Bed Deionized Di Resin Filter Fill, Suitable For Spotless Car Wash System Filter Change, Tds Filter, Aquarium Filter, Deionized Car Wash,5 Liters</p><p>$49.99</p><a href="https://www.amazon.com/dp/B0BV2CQ5SW?tag=eloabder-20&linkCode=osi&th=1&psc=1">View Product</a></div><div class="product"><a href="https://www.amazon.com/dp/B01MRVQ9UE?tag=eloabder-20&linkCode=osi&th=1&psc=1"><img src="https://m.media-amazon.com/images/I/51+i6fjU6tL._SL500_.jpg" alt="Product Image"></a><p>Husqvarna XP Pre-Mixed Fuel and Engine Oil Quart (3 Pack),Blue</p><p>$32.99 ($0.34 / Count)</p><a href="https://www.amazon.com/dp/B01MRVQ9UE?tag=eloabder-20&linkCode=osi&th=1&psc=1">View Product</a></div>




<div class="product"><a href="https://www.amazon.com/dp/B01N2G2NEJ?tag=eloabder-20&linkCode=osi&th=1&psc=1"><img src="https://m.media-amazon.com/images/I/41-5g4zEDpL._SL500_.jpg" alt="Product Image"></a><p>Chemical Guys SPI10816 Heavy Duty Water Spot Remover, Safe for Cars, Trucks, Motorcycles, RVs & More, 16 fl oz</p><p>$17.97 ($1.12 / Fl Oz)</p><a href="https://www.amazon.com/dp/B01N2G2NEJ?tag=eloabder-20&linkCode=osi&th=1&psc=1">View Product</a></div>









<div class="product"><a href="https://www.amazon.com/dp/B08YRVH2QV?tag=eloabder-20&linkCode=osi&th=1&psc=1"><img src="https://m.media-amazon.com/images/I/5164O-Jr2QL._SL500_.jpg" alt="Product Image"></a><p>Thetford AquaMAX Summer Cypress Scent RV Holding Tank Treatment, Formaldehyde Free, Waste Digester, Septic Tank Safe, 5 Gallon Bottle (96754)</p><p>$248.18</p><a href="https://www.amazon.com/dp/B08YRVH2QV?tag=eloabder-20&linkCode=osi&th=1&psc=1">View Product</a></div><div class="product"><a href="https://www.amazon.com/dp/B0BPMW7485?tag=eloabder-20&linkCode=osi&th=1&psc=1"><img src="https://m.media-amazon.com/images/I/51WNuQeew7L._SL500_.jpg" alt="Product Image"></a><p>XFasten Butyl Tape Black 1/2” x 30’ x 1/8" Butyl Sealant Tape Headlight Sealant Putty Tape | Black Butyl Caulking Tape | Butyl Tape RV Putty Tape EPDM Automotive Butyl Rubber Window Sealant for RV</p><p>$13.99 ($0.47 / Foot)</p><a href="https://www.amazon.com/dp/B0BPMW7485?tag=eloabder-20&linkCode=osi&th=1&psc=1">View Product</a></div>
<div class="product"><a href="https://www.amazon.com/dp/B006DXWZQU?tag=eloabder-20&linkCode=osi&th=1&psc=1"><img src="https://m.media-amazon.com/images/I/41wtqfFFfQL._SL500_.jpg" alt="Product Image"></a><p>FRAM Ultra Synthetic Automotive Replacement Oil Filter, Designed for Synthetic Oil Changes Lasting up to 20k Miles, XG10575 with SureGrip (Pack of 1)</p><p>$10.79</p><a href="https://www.amazon.com/dp/B006DXWZQU?tag=eloabder-20&linkCode=osi&th=1&psc=1">View Product</a></div><div class="product"><a href="https://www.amazon.com/dp/B01LH7L0XA?tag=eloabder-20&linkCode=osi&th=1&psc=1"><img src="https://m.media-amazon.com/images/I/41yD3QmbyZL._SL500_.jpg" alt="Product Image"></a><p>Shell Rotella T4 Triple Protection Conventional 15W-40 Diesel Engine Oil (1-Gallon, Single Pack)</p><p>$15.98 ($0.12 / Fl Oz)</p><a href="https://www.amazon.com/dp/B01LH7L0XA?tag=eloabder-20&linkCode=osi&th=1&psc=1">View Product</a></div><div class="product"><a href="https://www.amazon.com/dp/B00ICSWGJ0?tag=eloabder-20&linkCode=osi&th=1&psc=1"><img src="https://m.media-amazon.com/images/I/41Ahz5dVc5L._SL500_.jpg" alt="Product Image"></a><p>Castrol Edge 5W-30 Advanced Full Synthetic Motor Oil, 5 Quarts</p><p>$24.72 ($0.15 / Fl Oz)</p><a href="https://www.amazon.com/dp/B00ICSWGJ0?tag=eloabder-20&linkCode=osi&th=1&psc=1">View Product</a></div><div class="product"><a href="https://www.amazon.com/dp/B01N8RPDT8?tag=eloabder-20&linkCode=osi&th=1&psc=1"><img src="https://m.media-amazon.com/images/I/41Qm+9e8sCL._SL500_.jpg" alt="Product Image"></a><p>Motorcraft - Oil - Engine (XO10W305Q3SD)</p><p>$32.27</p><a href="https://www.amazon.com/dp/B01N8RPDT8?tag=eloabder-20&linkCode=osi&th=1&psc=1">View Product</a></div>
<div class="product"><a href="https://www.amazon.com/dp/B07FTRZLM5?tag=eloabder-20&linkCode=osi&th=1&psc=1"><img src="https://m.media-amazon.com/images/I/416uoNYOsXL._SL500_.jpg" alt="Product Image"></a><p>Chemical Guys HOL126 14-Piece Arsenal Builder Car Wash Kit with Foam Gun, Bucket, and (5) 16 oz Car Care Cleaning Chemicals, Gift for Car & Truck Lovers, Dads and DIYers (Works w/Garden Hose)</p><p>$119.99</p><a href="https://www.amazon.com/dp/B07FTRZLM5?tag=eloabder-20&linkCode=osi&th=1&psc=1">View Product</a></div><div class="product"><a href="https://www.amazon.com/dp/B0741RL23Q?tag=eloabder-20&linkCode=osi&th=1&psc=1"><img src="https://m.media-amazon.com/images/I/410wwKZBYVL._SL500_.jpg" alt="Product Image"></a><p>Chemical Guys SPI220 Total Interior Cleaner and Protectant, Safe for Cars, Trucks, SUVs, Jeeps, Motorcycles, RVs & More, 128 fl oz (1 Gallon)</p><p>$54.99 ($0.43 / Fl Oz)</p><a href="https://www.amazon.com/dp/B0741RL23Q?tag=eloabder-20&linkCode=osi&th=1&psc=1">View Product</a></div><div class="product"><a href="https://www.amazon.com/dp/B002J7VX4Y?tag=eloabder-20&linkCode=osi&th=1&psc=1"><img src="https://m.media-amazon.com/images/I/41oijnffQ0L._SL500_.jpg" alt="Product Image"></a><p>Chemical Guys AIR_101_16 New Car Smell Premium Air Freshener and Odor Eliminator, Long-Lasting Scent, Great for Cars, Trucks, SUVs, RVs & More, 16 fl oz</p><p>$10.99 ($0.69 / Fl Oz)</p><a href="https://www.amazon.com/dp/B002J7VX4Y?tag=eloabder-20&linkCode=osi&th=1&psc=1">View Product</a></div><div class="product"><a href="https://www.amazon.com/dp/B077TPG55M?tag=eloabder-20&linkCode=osi&th=1&psc=1"><img src="https://m.media-amazon.com/images/I/51aYksYRthL._SL500_.jpg" alt="Product Image"></a><p>Chemical Guys CWS20264 Tough Mudder Foaming Truck, Off Road, ATV and RV Heavy Duty Wash Soap,(Works with Foam Cannons, Foam Guns or Bucket Washes), 64 fl oz (Half Gallon), Lemon Scent</p><p>$39.99 ($0.62 / Fl Oz)</p><a href="https://www.amazon.com/dp/B077TPG55M?tag=eloabder-20&linkCode=osi&th=1&psc=1">View Product</a></div><div class="product"><a href="https://www.amazon.com/dp/B00BJCAPEE?tag=eloabder-20&linkCode=osi&th=1&psc=1"><img src="https://m.media-amazon.com/images/I/416RIPKVW1L._SL500_.jpg" alt="Product Image"></a><p>Chemical Guys CWS_402 Mr. Pink Foaming Car Wash Soap (Works with Foam Cannons, Foam Guns or Bucket Washes) Safe for Cars, Trucks, Motorcycles, RVs & More, 128 fl oz, Candy Scent</p><p>$39.99 ($0.31 / Fl Oz)</p><a href="https://www.amazon.com/dp/B00BJCAPEE?tag=eloabder-20&linkCode=osi&th=1&psc=1">View Product</a></div><div class="product"><a href="https://www.amazon.com/dp/B01C6AISUK?tag=eloabder-20&linkCode=osi&th=1&psc=1"><img src="https://m.media-amazon.com/images/I/41FrDCDPB6S._SL500_.jpg" alt="Product Image"></a><p>Chemical Guys CLD_700_16 Mat Renew Rubber + Vinyl Floor Mat Cleaner And Protectant, Safe for Cars, Trucks, SUVs, Motorcycles, RVs & More, 16 fl oz</p><p>$10.99 ($0.69 / Fl Oz)</p><a href="https://www.amazon.com/dp/B01C6AISUK?tag=eloabder-20&linkCode=osi&th=1&psc=1">View Product</a></div><div class="product"><a href="https://www.amazon.com/dp/B01N76S0A7?tag=eloabder-20&linkCode=osi&th=1&psc=1"><img src="https://m.media-amazon.com/images/I/51jurhYPCgL._SL500_.jpg" alt="Product Image"></a><p>Chemical Guys HOL131 Premium Chenille Microfiber Car Wash Mop and Heavy Duty Extendable Pole Kit (Great for RVs, Trucks, SUVs, Jeeps & Large Vehicles), With Mr. Pink Foaming Car Wash Soap - 4 fl oz</p><p>$49.99</p><a href="https://www.amazon.com/dp/B01N76S0A7?tag=eloabder-20&linkCode=osi&th=1&psc=1">View Product</a></div><div class="product"><a href="https://www.amazon.com/dp/B009OTW646?tag=eloabder-20&linkCode=osi&th=1&psc=1"><img src="https://m.media-amazon.com/images/I/41lG36UqLBL._SL500_.jpg" alt="Product Image"></a><p>Chemical Guys CWS 110 Honeydew Snow Foam Car Wash Soap (Works with Foam Cannons, Guns or Bucket Washes) Safe for Trucks, Motorcycles, RVs & More, 128 fl oz (1 Gallon), Honeydew Scent</p><p>$39.99 ($0.31 / Fl Oz)</p><a href="https://www.amazon.com/dp/B009OTW646?tag=eloabder-20&linkCode=osi&th=1&psc=1">View Product</a></div><div class="product"><a href="https://www.amazon.com/dp/B08P54Z2C2?tag=eloabder-20&linkCode=osi&th=1&psc=1"><img src="https://m.media-amazon.com/images/I/41Ra65iS2OL._SL500_.jpg" alt="Product Image"></a><p>Chemical Guys WAC23316 HydroSpeed Ceramic Quick Detailer, Safe for Cars, Trucks, SUVs, Motorcycles, RVs & More, 16 fl oz</p><p>$24.99</p><a href="https://www.amazon.com/dp/B08P54Z2C2?tag=eloabder-20&linkCode=osi&th=1&psc=1">View Product</a></div>
<div class="product"><a href="https://www.amazon.com/dp/B0C7WLPQC7?tag=eloabder-20&linkCode=osi&th=1&psc=1"><img src="https://m.media-amazon.com/images/I/41hJeSxsSWL._SL500_.jpg" alt="Product Image"></a><p>Detail King Car Odor Removal - Chlorine Dioxide Cup - Extreme Odor Eliminator For Car - Safe And Easy To Use (3 Oz (Pack of 1) - Plastic)</p><p>$24.95 ($8.32 / Ounce)</p><a href="https://www.amazon.com/dp/B0C7WLPQC7?tag=eloabder-20&linkCode=osi&th=1&psc=1">View Product</a></div>

<div class="product"><a href="https://www.amazon.com/dp/B0052XFWCG?tag=eloabder-20&linkCode=osi&th=1&psc=1"><img src="https://m.media-amazon.com/images/I/41qajeJVXLL._SL500_.jpg" alt="Product Image"></a><p>Hot Shot's Secret HSS64Z Original Stiction Eliminator 64 Fluid Ounce Bottle, Green</p><p>$53.45 ($0.84 / Fl Oz)</p><a href="https://www.amazon.com/dp/B0052XFWCG?tag=eloabder-20&linkCode=osi&th=1&psc=1">View Product</a></div><div class="product"><a href="https://www.amazon.com/dp/B009M64CAW?tag=eloabder-20&linkCode=osi&th=1&psc=1"><img src="https://m.media-amazon.com/images/I/417D8X0nkBL._SL500_.jpg" alt="Product Image"></a><p>Lucas Oil 10679 Hot Rod & Classic Car SAE 10W-30 Motor Oil - 5 Quart</p><p>$38.50 ($0.24 / Fl Oz)</p><a href="https://www.amazon.com/dp/B009M64CAW?tag=eloabder-20&linkCode=osi&th=1&psc=1">View Product</a></div><div class="product"><a href="https://www.amazon.com/dp/B01L9ARY9O?tag=eloabder-20&linkCode=osi&th=1&psc=1"><img src="https://m.media-amazon.com/images/I/51yaZAYH75L._SL500_.jpg" alt="Product Image"></a><p>FPPF Chemical Co 00161 16 OZ HOT 4-in-1 Heating Oil Treatment (2 Bottles)</p><p>$26.42</p><a href="https://www.amazon.com/dp/B01L9ARY9O?tag=eloabder-20&linkCode=osi&th=1&psc=1">View Product</a></div><div class="product"><a href="https://www.amazon.com/dp/B009M64CUM?tag=eloabder-20&linkCode=osi&th=1&psc=1"><img src="https://m.media-amazon.com/images/I/41yiWaF8YQL._SL500_.jpg" alt="Product Image"></a><p>Lucas Oil 10683 Hot Rod & Classic Car SAE 10W-40 Motor Oil - 5 Quart</p><p>$43.24 ($0.27 / Fl Oz)</p><a href="https://www.amazon.com/dp/B009M64CUM?tag=eloabder-20&linkCode=osi&th=1&psc=1">View Product</a></div><div class="product"><a href="https://www.amazon.com/dp/B0973HNRH9?tag=eloabder-20&linkCode=osi&th=1&psc=1"><img src="https://m.media-amazon.com/images/I/41kyGGJa--L._SL500_.jpg" alt="Product Image"></a><p>Hot Shot's Secret FR3 Friction Reducer 64 Fluid Ounce 2 Quarts, Light Yellow Liquid, (HSSFR364Z)</p><p>$59.73 ($0.93 / Fl Oz)</p><a href="https://www.amazon.com/dp/B0973HNRH9?tag=eloabder-20&linkCode=osi&th=1&psc=1">View Product</a></div><div class="product"><a href="https://www.amazon.com/dp/B082YFQQ25?tag=eloabder-20&linkCode=osi&th=1&psc=1"><img src="https://m.media-amazon.com/images/I/511PTX7LlZL._SL500_.jpg" alt="Product Image"></a><p>Hot Shot's Secret Green Diamond 100 Percent Synthetic 15W40 Oil Diesel 1 Gallon</p><p>$39.99 ($0.31 / Fl Oz)</p><a href="https://www.amazon.com/dp/B082YFQQ25?tag=eloabder-20&linkCode=osi&th=1&psc=1">View Product</a></div>















<div class="product"><a href="https://www.amazon.com/dp/B08PTMXCJL?tag=eloabder-20&linkCode=osi&th=1&psc=1"><img src="https://m.media-amazon.com/images/I/410eJv-7UHL._SL500_.jpg" alt="Product Image"></a><p>Moly Grease | 3% Molybdenum Disulfide | Fifth Wheel | 5th | Automotive | Tractor | Axle | Spline | CV Joint | Lithium EP Grease | High Temp | 35 LB Pail Bucket | Black Moly | NLGI 2 | HeavyDuty Moly</p><p>$174.99 ($0.31 / Ounce)</p><a href="https://www.amazon.com/dp/B08PTMXCJL?tag=eloabder-20&linkCode=osi&th=1&psc=1">View Product</a></div><div class="product"><a href="https://www.amazon.com/dp/B08PTHJTK5?tag=eloabder-20&linkCode=osi&th=1&psc=1"><img src="https://m.media-amazon.com/images/I/41VdMjJ38aL._SL500_.jpg" alt="Product Image"></a><p>Wheel Bearing Grease Pail | Lithium Complex | High Temp EP | CV Joint | Axle | Automotive | Tractor | Truck | Ball Joint | Marine Boat | Gear | Heavy Duty | Blue | 35 LB Bucket | NLGI 2 | MultiPurpose</p><p>$167.99 ($0.30 / Ounce)</p><a href="https://www.amazon.com/dp/B08PTHJTK5?tag=eloabder-20&linkCode=osi&th=1&psc=1">View Product</a></div><div class="product"><a href="https://www.amazon.com/dp/B0013J1UA6?tag=eloabder-20&linkCode=osi&th=1&psc=1"><img src="https://m.media-amazon.com/images/I/41G0Fkf7KnL._SL500_.jpg" alt="Product Image"></a><p>CRC Food Grade Chain Lube 03055 – 12 Wt. Oz. Aerosol, NSF H1 Gear, Chain, and Wire Lubricant</p><p>$19.25 ($1.60 / Ounce)</p><a href="https://www.amazon.com/dp/B0013J1UA6?tag=eloabder-20&linkCode=osi&th=1&psc=1">View Product</a></div>





<div class="product"><a href="https://www.amazon.com/dp/B08GQ9G2V5?tag=eloabder-20&linkCode=osi&th=1&psc=1"><img src="https://m.media-amazon.com/images/I/511+rapOlWL._SL500_.jpg" alt="Product Image"></a><p>Armor All Car Air Freshener and Purifier, Car Odor Eliminator, 1.5 Ounce (Pack of 3)</p><p>$21.21 ($4.71 / Ounce)</p><a href="https://www.amazon.com/dp/B08GQ9G2V5?tag=eloabder-20&linkCode=osi&th=1&psc=1">View Product</a></div>







<div class="product"><a href="https://www.amazon.com/dp/B001229JCU?tag=eloabder-20&linkCode=osi&th=1&psc=1"><img src="https://m.media-amazon.com/images/I/31W6FuKPMcL._SL500_.jpg" alt="Product Image"></a><p>First Alert EZ Fire Spray, Extinguishing Aerosol Spray, AF400 Red 18 Ounce (Pack of 1)</p><p>$12.49</p><a href="https://www.amazon.com/dp/B001229JCU?tag=eloabder-20&linkCode=osi&th=1&psc=1">View Product</a></div><div class="product"><a href="https://www.amazon.com/dp/B002U0KGDY?tag=eloabder-20&linkCode=osi&th=1&psc=1"><img src="https://m.media-amazon.com/images/I/51p6R+mcRhL._SL500_.jpg" alt="Product Image"></a><p>First Alert EZ Fire Spray, Extinguishing Aerosol Spray, Pack of 2, AF400-2, RED</p><p>$27.02</p><a href="https://www.amazon.com/dp/B002U0KGDY?tag=eloabder-20&linkCode=osi&th=1&psc=1">View Product</a></div>
<div class="product"><a href="https://www.amazon.com/dp/B0088LVBUQ?tag=eloabder-20&linkCode=osi&th=1&psc=1"><img src="https://m.media-amazon.com/images/I/31h7l-l6u2L._SL500_.jpg" alt="Product Image"></a><p>Seymour EN-59 Hi-Tech Engine Spray Paint, General Motors Red</p><p>$9.08 ($0.76 / Ounce)</p><a href="https://www.amazon.com/dp/B0088LVBUQ?tag=eloabder-20&linkCode=osi&th=1&psc=1">View Product</a></div>




<div class="product"><a href="https://www.amazon.com/dp/B000HBNU9K?tag=eloabder-20&linkCode=osi&th=1&psc=1"><img src="https://m.media-amazon.com/images/I/41URzfKaVsL._SL500_.jpg" alt="Product Image"></a><p>Permatex 27828 Body Shop Heavy Duty Headliner Adhesive, High-Strength Spray Adhesive, Repair Detached Or Loose Interior Parts, Dries Clear, Aerosol Can, 16.75 Oz</p><p>$17.05 ($1.02 / Ounce)</p><a href="https://www.amazon.com/dp/B000HBNU9K?tag=eloabder-20&linkCode=osi&th=1&psc=1">View Product</a></div><div class="product"><a href="https://www.amazon.com/dp/B001VXXEXU?tag=eloabder-20&linkCode=osi&th=1&psc=1"><img src="https://m.media-amazon.com/images/I/5112onMwzaL._SL500_.jpg" alt="Product Image"></a><p>Vibra-TITE 213 Red VC-3 Original Threadmate, 250ml Can</p><p>$99.19</p><a href="https://www.amazon.com/dp/B001VXXEXU?tag=eloabder-20&linkCode=osi&th=1&psc=1">View Product</a></div><div class="product"><a href="https://www.amazon.com/dp/B0CWPSLTR1?tag=eloabder-20&linkCode=osi&th=1&psc=1"><img src="https://m.media-amazon.com/images/I/31ytleZjjaL._SL500_.jpg" alt="Product Image"></a><p>P & S PROFESSIONAL DETAIL PRODUCTS - Terminator Enzyme Spot and Stain Remover - Perfect for Deodorizing, Removing Embedded Soils, Grease, Dirt, and Protein-Based Stains; Fresh Scent (1 Quart)</p><p>$25.95 ($0.81 / Fl Oz)</p><a href="https://www.amazon.com/dp/B0CWPSLTR1?tag=eloabder-20&linkCode=osi&th=1&psc=1">View Product</a></div><div class="product"><a href="https://www.amazon.com/dp/B07GFNQL9H?tag=eloabder-20&linkCode=osi&th=1&psc=1"><img src="https://m.media-amazon.com/images/I/41AA3Nbt8OL._SL500_.jpg" alt="Product Image"></a><p>Gunk FEB1 Foamy Engine Brite Engine Cleaner - 17oz. 2 Pack</p><p>$17.95 ($0.53 / Ounce)</p><a href="https://www.amazon.com/dp/B07GFNQL9H?tag=eloabder-20&linkCode=osi&th=1&psc=1">View Product</a></div>



<div class="product"><a href="https://www.amazon.com/dp/B003SKCARK?tag=eloabder-20&linkCode=osi&th=1&psc=1"><img src="https://m.media-amazon.com/images/I/41rvU5irgRL._SL500_.jpg" alt="Product Image"></a><p>Obenauf's Heavy Duty LP Leather Preservative (4oz)- All Natural Beeswax Oil Conditioner- Rejuvenate Restore & Preserve Sunfaded or Cracked Boots Jackets Saddles Car Auto Upholstery Furniture- USA Made</p><p>$15.99</p><a href="https://www.amazon.com/dp/B003SKCARK?tag=eloabder-20&linkCode=osi&th=1&psc=1">View Product</a></div>
Aucun résultat trouvé.

<div class="product"><a href="https://www.amazon.com/dp/B0CLWDDWHX?tag=eloabder-20&linkCode=osi&th=1&psc=1"><img src="https://m.media-amazon.com/images/I/51HPMtia03L._SL500_.jpg" alt="Product Image"></a><p>Fire Fix Fire Extinguisher for Home 5-Pack | Made in USA | Emergency Fire Spray Foam for Apartment, Boat, Camping, Car, House, Kitchen & Vehicle | Safety & Survival | Compact, Small, Safe & Easy Use</p><p>$56.95</p><a href="https://www.amazon.com/dp/B0CLWDDWHX?tag=eloabder-20&linkCode=osi&th=1&psc=1">View Product</a></div><div class="product"><a href="https://www.amazon.com/dp/B0CKZF9H3D?tag=eloabder-20&linkCode=osi&th=1&psc=1"><img src="https://m.media-amazon.com/images/I/41+Q4YdByuL._SL500_.jpg" alt="Product Image"></a><p>Firexo All Fires Fire Extinguisher - Multipurpose Mini Aerosol - Pack of 6 - Home, Kitchen, Car, Garage, Boat, Caravan, Camping Household, ABC, Vehicle, Compact, RV, Emergency Equipment (0.1 Gal)</p><p>$139.99</p><a href="https://www.amazon.com/dp/B0CKZF9H3D?tag=eloabder-20&linkCode=osi&th=1&psc=1">View Product</a></div>
Aucun résultat trouvé.
Aucun résultat trouvé.






<div class="product"><a href="https://www.amazon.com/dp/B00FOKOKMU?tag=eloabder-20&linkCode=osi&th=1&psc=1"><img src="https://m.media-amazon.com/images/I/41KsUW-6WOL._SL500_.jpg" alt="Product Image"></a><p>The Original Leather Recoloring Balm by Furniture Clinic - 16 Colors - Leather Repair Kit for Furniture - Restore Couches, Car Seats & More - Leather Dye for Scratched and Faded Leather (Beige)</p><p>$29.95</p><a href="https://www.amazon.com/dp/B00FOKOKMU?tag=eloabder-20&linkCode=osi&th=1&psc=1">View Product</a></div>


<div class="product"><a href="https://www.amazon.com/dp/B0BQX6CPLS?tag=eloabder-20&linkCode=osi&th=1&psc=1"><img src="https://m.media-amazon.com/images/I/51OtuHOIJpL._SL500_.jpg" alt="Product Image"></a><p>Dry Stop Fire Spray by Prepared Hero - 8 Pack - Portable Fire Extinguisher for Home, Car, Garage, Kitchen - Works on Electrical, Grease, Battery Fires & More - Compact, Easy to Use</p><p>$143.99</p><a href="https://www.amazon.com/dp/B0BQX6CPLS?tag=eloabder-20&linkCode=osi&th=1&psc=1">View Product</a></div><div class="product"><a href="https://www.amazon.com/dp/B0BQX76B9K?tag=eloabder-20&linkCode=osi&th=1&psc=1"><img src="https://m.media-amazon.com/images/I/51iHCSuHw5L._SL500_.jpg" alt="Product Image"></a><p>Vapor Clean Fire Spray by Prepared Hero - 8 Pack - Portable Fire Extinguisher for Home, Car, Garage, Kitchen - Works on Electrical, Grease, Battery Fires & More - Compact, Easy to Use</p><p>$143.99</p><a href="https://www.amazon.com/dp/B0BQX76B9K?tag=eloabder-20&linkCode=osi&th=1&psc=1">View Product</a></div><div class="product"><a href="https://www.amazon.com/dp/B0C32NVZJZ?tag=eloabder-20&linkCode=osi&th=1&psc=1"><img src="https://m.media-amazon.com/images/I/61coxTM3mSL._SL500_.jpg" alt="Product Image"></a><p>Houandg Water-Based Fire Extinguisher- 2 Pack Portable Solution for All Fire Types in Homes, Vehicles, Kitchens - Prevents Re-Ignition</p><p>$33.98</p><a href="https://www.amazon.com/dp/B0C32NVZJZ?tag=eloabder-20&linkCode=osi&th=1&psc=1">View Product</a></div>
<div class="product"><a href="https://www.amazon.com/dp/B00L3W1OAO?tag=eloabder-20&linkCode=osi&th=1&psc=1"><img src="https://m.media-amazon.com/images/I/414uILMLuaL._SL500_.jpg" alt="Product Image"></a><p>Pro F/X Rubber Mask Grease Wheel - 1 Ounce - Trauma</p><p>$27.01</p><a href="https://www.amazon.com/dp/B00L3W1OAO?tag=eloabder-20&linkCode=osi&th=1&psc=1">View Product</a></div>
<div class="product"><a href="https://www.amazon.com/dp/B0CZ16SHCH?tag=eloabder-20&linkCode=osi&th=1&psc=1"><img src="https://m.media-amazon.com/images/I/31pYxaz4gYL._SL500_.jpg" alt="Product Image"></a><p>P & S PROFESSIONAL DETAIL PRODUCTS - Rehab - Paint Correction Creme Safe for All Paint Types and with Multiple pad Types - Easy-to-use-Formula Works at Any Stage of Paint Correction - 1 Quart</p><p>$56.95</p><a href="https://www.amazon.com/dp/B0CZ16SHCH?tag=eloabder-20&linkCode=osi&th=1&psc=1">View Product</a></div><div class="product"><a href="https://www.amazon.com/dp/B082BG8HLX?tag=eloabder-20&linkCode=osi&th=1&psc=1"><img src="https://m.media-amazon.com/images/I/31OAXbv7QFL._SL500_.jpg" alt="Product Image"></a><p>Lithium Auto Elixirs Color Crush- A rather intense approach to an Instant Detailer, Infused with color enhancing technology - Extremely Hydrophobic ingredients, long lasting Instant Detailer</p><p>$19.95 ($1.25 / Fl Oz)</p><a href="https://www.amazon.com/dp/B082BG8HLX?tag=eloabder-20&linkCode=osi&th=1&psc=1">View Product</a></div><div class="product"><a href="https://www.amazon.com/dp/B07MTPWZ76?tag=eloabder-20&linkCode=osi&th=1&psc=1"><img src="https://m.media-amazon.com/images/I/41v5yubrqoL._SL500_.jpg" alt="Product Image"></a><p>Lithium Seal and Squeal Paint Sealant/Polish - Incredible Shine and Lasting Protection - Curable Amino Functional Polymers Fused with Si02 Ceramic Nano Technology -Lasts for up to 12 Months (16 oz)</p><p>$39.99 ($2.50 / Ounce)</p><a href="https://www.amazon.com/dp/B07MTPWZ76?tag=eloabder-20&linkCode=osi&th=1&psc=1">View Product</a></div><div class="product"><a href="https://www.amazon.com/dp/B07MVNX377?tag=eloabder-20&linkCode=osi&th=1&psc=1"><img src="https://m.media-amazon.com/images/I/31gEqFf7rhL._SL500_.jpg" alt="Product Image"></a><p>Leather Love - The Best Leather Conditioner On The Planet, Brings Old Leather Back To Life, All Natural Ingredients Mixed With Serious Science, Restores, Rehydrates, Protects (8oz)</p><p>$28.99 ($3.62 / Ounce)</p><a href="https://www.amazon.com/dp/B07MVNX377?tag=eloabder-20&linkCode=osi&th=1&psc=1">View Product</a></div><div class="product"><a href="https://www.amazon.com/dp/B07MTQP514?tag=eloabder-20&linkCode=osi&th=1&psc=1"><img src="https://m.media-amazon.com/images/I/311IYwH-oaL._SL500_.jpg" alt="Product Image"></a><p>Trim Serum- Plastic Restorer- Restores Even the Most Damaged Plastic, Rubber and Vinyl, Last For Months, Penetrates Plastic Pores Restoring Color. (16 Oz)</p><p>$36.99</p><a href="https://www.amazon.com/dp/B07MTQP514?tag=eloabder-20&linkCode=osi&th=1&psc=1">View Product</a></div><div class="product"><a href="https://www.amazon.com/dp/B07236X7TS?tag=eloabder-20&linkCode=osi&th=1&psc=1"><img src="https://m.media-amazon.com/images/I/51-mgxYD9kL._SL500_.jpg" alt="Product Image"></a><p>Skidmore's Biker Edition Leather Cream | All Natural Formula Cleans, Conditions, and Protects your Motorcycle | Made in USA</p><p>$44.98</p><a href="https://www.amazon.com/dp/B07236X7TS?tag=eloabder-20&linkCode=osi&th=1&psc=1">View Product</a></div><div class="product"><a href="https://www.amazon.com/dp/B001CS6HH4?tag=eloabder-20&linkCode=osi&th=1&psc=1"><img src="https://m.media-amazon.com/images/I/41wY0SB+DWL._SL500_.jpg" alt="Product Image"></a><p>Fiebing's Yellow Saddle Soap for Leather (3.5 oz Tin) - Leather Cleaner & Conditioner to Soften, Protect & Restore Leathercraft - Leather Soap for Car Seat, Couch, Shoe, Purse, Boot, Bag, & Saddles</p><p>$7.15 ($2.04 / Ounce)</p><a href="https://www.amazon.com/dp/B001CS6HH4?tag=eloabder-20&linkCode=osi&th=1&psc=1">View Product</a></div><div class="product"><a href="https://www.amazon.com/dp/B08RHZ1BKD?tag=eloabder-20&linkCode=osi&th=1&psc=1"><img src="https://m.media-amazon.com/images/I/21WKh31c4tL._SL500_.jpg" alt="Product Image"></a><p>Lithium Ignite After Wash - Conditions and Shines Surfaces as You Dry. Streak-Free Hydrophobic Formula adds Lubrication to Stop Micro Scratching While Surfaces pop with Color.</p><p>$21.99 ($1.37 / Fl Oz)</p><a href="https://www.amazon.com/dp/B08RHZ1BKD?tag=eloabder-20&linkCode=osi&th=1&psc=1">View Product</a></div><div class="product"><a href="https://www.amazon.com/dp/B0003A1T3E?tag=eloabder-20&linkCode=osi&th=1&psc=1"><img src="https://m.media-amazon.com/images/I/41042PKJ1ZL._SL500_.jpg" alt="Product Image"></a><p>URAD One step All-In-One Leather conditioner 140g - NEUTRAL</p><p>$16.13</p><a href="https://www.amazon.com/dp/B0003A1T3E?tag=eloabder-20&linkCode=osi&th=1&psc=1">View Product</a></div>

<div class="product"><a href="https://www.amazon.com/dp/B0B3NFH3QY?tag=eloabder-20&linkCode=osi&th=1&psc=1"><img src="https://m.media-amazon.com/images/I/51sKVZnP-WL._SL500_.jpg" alt="Product Image"></a><p>Little Joe 96427-6PK I Love Hockey New Car Scent Red Car Air Freshener A/C Vent Clip Uses Alcohol-Free Fragrance Oil is Non-Hazardous and Non-Toxic Plastic, Pack of 6</p><p>$21.99 ($3.66 / Count)</p><a href="https://www.amazon.com/dp/B0B3NFH3QY?tag=eloabder-20&linkCode=osi&th=1&psc=1">View Product</a></div><div class="product"><a href="https://www.amazon.com/dp/B072275K82?tag=eloabder-20&linkCode=osi&th=1&psc=1"><img src="https://m.media-amazon.com/images/I/41wDnF6SiAL._SL500_.jpg" alt="Product Image"></a><p>Little Joe 96404-6PK Fruit Scent, Car Air Freshener, Clips to A/C Air Vent, Alcohol-Free Fragrance Oil, Non-Hazardous and Non-Toxic Plastic, Set of 6</p><p>$16.60 ($2.77 / Count)</p><a href="https://www.amazon.com/dp/B072275K82?tag=eloabder-20&linkCode=osi&th=1&psc=1">View Product</a></div><div class="product"><a href="https://www.amazon.com/dp/B0CQPQ2S4W?tag=eloabder-20&linkCode=osi&th=1&psc=1"><img src="https://m.media-amazon.com/images/I/31iRknmvjeL._SL500_.jpg" alt="Product Image"></a><p>Little Pup 96613 Blue Raspberry Slushy Scent Car Air Freshener A/C Vent Clip Uses Alcohol-Free Fragrance Oil is Non Hazardous and Non Toxic, Pack of 1</p><p>$3.94</p><a href="https://www.amazon.com/dp/B0CQPQ2S4W?tag=eloabder-20&linkCode=osi&th=1&psc=1">View Product</a></div><div class="product"><a href="https://www.amazon.com/dp/B0CQPNMTM4?tag=eloabder-20&linkCode=osi&th=1&psc=1"><img src="https://m.media-amazon.com/images/I/41eEovL+zML._SL500_.jpg" alt="Product Image"></a><p>Little Joe 96414-6PK Orange Creamsicle Scent Car Air Freshener A/C Vent Clip Uses Alcohol-Free Fragrance Oil is Non-Hazardous and Non-Toxic Plastic, Pack of 6</p><p>$25.99 ($4.33 / Count)</p><a href="https://www.amazon.com/dp/B0CQPNMTM4?tag=eloabder-20&linkCode=osi&th=1&psc=1">View Product</a></div><div class="product"><a href="https://www.amazon.com/dp/B0CH9KNNZN?tag=eloabder-20&linkCode=osi&th=1&psc=1"><img src="https://m.media-amazon.com/images/I/41jX66PGMTL._SL500_.jpg" alt="Product Image"></a><p>TAKAVU Clay Bars Auto Detailing 2 Pack X 100g, Premium Grade Material, Magic Clay Bar Cleaner for Cars, RV, Boat and Bus (Grey)</p><p>$9.99</p><a href="https://www.amazon.com/dp/B0CH9KNNZN?tag=eloabder-20&linkCode=osi&th=1&psc=1">View Product</a></div>

<div class="product"><a href="https://www.amazon.com/dp/B004UM6DLE?tag=eloabder-20&linkCode=osi&th=1&psc=1"><img src="https://m.media-amazon.com/images/I/314nawyx6sL._SL500_.jpg" alt="Product Image"></a><p>CARPRO IronX Iron Remover: Stops Rust Spots and Pre-Mature Failure of The Clear Coat, Iron Contaminant Removal - 500mL with Sprayer (17oz)</p><p>$26.78</p><a href="https://www.amazon.com/dp/B004UM6DLE?tag=eloabder-20&linkCode=osi&th=1&psc=1">View Product</a></div><div class="product"><a href="https://www.amazon.com/dp/B01HXZXO98?tag=eloabder-20&linkCode=osi&th=1&psc=1"><img src="https://m.media-amazon.com/images/I/41Ne9OfQGzL._SL500_.jpg" alt="Product Image"></a><p>Chemical Guys CWS80316 Clean Slate Deep Surface Cleaning Car Wash Soap (Removes Old Car Waxes, Glazes & Sealants for Superior Surface Prep), 16 fl oz, Citrus Scent</p><p>$11.99 ($0.75 / Fl Oz)</p><a href="https://www.amazon.com/dp/B01HXZXO98?tag=eloabder-20&linkCode=osi&th=1&psc=1">View Product</a></div><div class="product"><a href="https://www.amazon.com/dp/B07C39H9YX?tag=eloabder-20&linkCode=osi&th=1&psc=1"><img src="https://m.media-amazon.com/images/I/31yK3Vb5xWL._SL500_.jpg" alt="Product Image"></a><p>Adam's Polishes Iron Remover (16oz) - Iron Out Fallout Rust Remover Spray for Car Detailing | Remove Iron Particles in Car Paint, Motorcycle, RV & Boat | Use Before Clay Bar, Car Wax or Car Wash</p><p>$16.99</p><a href="https://www.amazon.com/dp/B07C39H9YX?tag=eloabder-20&linkCode=osi&th=1&psc=1">View Product</a></div><div class="product"><a href="https://www.amazon.com/dp/B0BTJ9DJM5?tag=eloabder-20&linkCode=osi&th=1&psc=1"><img src="https://m.media-amazon.com/images/I/41tNMqlDrxL._SL500_.jpg" alt="Product Image"></a><p>Torque Detail Decon Wash Pack - Decontamination Soap 8oz + Wash Mitt - Surface Strip Wash Car Shampoo - Highly Absorbent Microfiber Chenille Car Wash Mitt Safely Cleans Your Vehicles Entire Surface</p><p>$24.95 ($3.12 / Fl Oz)</p><a href="https://www.amazon.com/dp/B0BTJ9DJM5?tag=eloabder-20&linkCode=osi&th=1&psc=1">View Product</a></div><div class="product"><a href="https://www.amazon.com/dp/B013K5V9PQ?tag=eloabder-20&linkCode=osi&th=1&psc=1"><img src="https://m.media-amazon.com/images/I/41V3rm6NlZL._SL500_.jpg" alt="Product Image"></a><p>CARPRO PolyShave Decon Towel - Car Detailing Clay Decontamination Faster than Clay Bar, Clean & Release of Paint Contaminants and Glass - Increase Wax and Sealant Bond - 12" x 12" (1 Pack)</p><p>$39.97</p><a href="https://www.amazon.com/dp/B013K5V9PQ?tag=eloabder-20&linkCode=osi&th=1&psc=1">View Product</a></div><div class="product"><a href="https://www.amazon.com/dp/B0B788NBWG?tag=eloabder-20&linkCode=osi&th=1&psc=1"><img src="https://m.media-amazon.com/images/I/51NDfAOuEmL._SL500_.jpg" alt="Product Image"></a><p>P & S Professional Detail Products - Clay Decontamination Towel - Effective Cleaning & Release of Paint Contaminants; Increase Wax & Sealant Bond; Enhance Gloss & Depth of Color; Fine Grade-12" x 12"</p><p>$34.95</p><a href="https://www.amazon.com/dp/B0B788NBWG?tag=eloabder-20&linkCode=osi&th=1&psc=1">View Product</a></div><div class="product"><a href="https://www.amazon.com/dp/B0B27TFK69?tag=eloabder-20&linkCode=osi&th=1&psc=1"><img src="https://m.media-amazon.com/images/I/41zJPQIcqeL._SL500_.jpg" alt="Product Image"></a><p>The Rag Company - Ultra Clay Decontamination Mitt - Easy to Use; Effective Cleaning & Release of Paint Contaminants; Increase Wax & Sealant Bond; Enhance Gloss &Color Depth; Fine Grade (8.7"x5.7")</p><p>$34.95</p><a href="https://www.amazon.com/dp/B0B27TFK69?tag=eloabder-20&linkCode=osi&th=1&psc=1">View Product</a></div><div class="product"><a href="https://www.amazon.com/dp/B0C6XBN14N?tag=eloabder-20&linkCode=osi&th=1&psc=1"><img src="https://m.media-amazon.com/images/I/31BSavOJ89L._SL500_.jpg" alt="Product Image"></a><p>3D Iron Remover GLW Series | DIY Car Detailing | Hyper Effective Wheel Decontamination | Removes Iron Particles, Dirt, Brake Dust | Rapid Results | Ultimate Iron & Surface Contaminate Eliminator, 16oz</p><p>$17.99</p><a href="https://www.amazon.com/dp/B0C6XBN14N?tag=eloabder-20&linkCode=osi&th=1&psc=1">View Product</a></div>







<div class="product"><a href="https://www.amazon.com/dp/B0D2SPCW3G?tag=eloabder-20&linkCode=osi&th=1&psc=1"><img src="https://m.media-amazon.com/images/I/41JYIg6xqqL._SL500_.jpg" alt="Product Image"></a><p>Crankcase Ventilation Oil Separator with Gasket Compatible for 2008-2014 Volvo Mack D13 D16 MP8 Engine Replace 21122541 20499419</p><p>$155.99</p><a href="https://www.amazon.com/dp/B0D2SPCW3G?tag=eloabder-20&linkCode=osi&th=1&psc=1">View Product</a></div>

<div class="product"><a href="https://www.amazon.com/dp/B0C6M2FHGX?tag=eloabder-20&linkCode=osi&th=1&psc=1"><img src="https://m.media-amazon.com/images/I/21wWRrpHdbL._SL500_.jpg" alt="Product Image"></a><p>eMagTech 9PCS Warning Sign Please No Smoking Vaping Food Drink Stickers 110x50mm Self-Adhesive Vinyl Window Decal for Car Taxis Buses Minibuses</p><p>$9.49</p><a href="https://www.amazon.com/dp/B0C6M2FHGX?tag=eloabder-20&linkCode=osi&th=1&psc=1">View Product</a></div>

Aucun résultat trouvé.

<div class="product"><a href="https://www.amazon.com/dp/B0CVWZZMRY?tag=eloabder-20&linkCode=osi&th=1&psc=1"><img src="https://m.media-amazon.com/images/I/512y-1GwQNL._SL500_.jpg" alt="Product Image"></a><p>Jewkot 4 PCS Car Wiper Strip, 28" Boneless Structure Car Windshield Cleaning Wiper Strip, DIY Length Auxiliary Cleaning Replacement Accessory, Suitable for Most Cars, Vans, Trucks, Buses (Black)</p><p>$5.58</p><a href="https://www.amazon.com/dp/B0CVWZZMRY?tag=eloabder-20&linkCode=osi&th=1&psc=1">View Product</a></div>
<div class="product"><a href="https://www.amazon.com/dp/B07L3VQC6W?tag=eloabder-20&linkCode=osi&th=1&psc=1"><img src="https://m.media-amazon.com/images/I/41GebP+2HYL._SL500_.jpg" alt="Product Image"></a><p>BRISA VW Collection Volkswagen Air Freshener, Room Freshener, Deodorizer for Cars T1 Bus Campervan Motif (Citrus/Yellow/Set of 2)</p><p>$13.90 ($6.95 / Count)</p><a href="https://www.amazon.com/dp/B07L3VQC6W?tag=eloabder-20&linkCode=osi&th=1&psc=1">View Product</a></div><div class="product"><a href="https://www.amazon.com/dp/B07L3V86JS?tag=eloabder-20&linkCode=osi&th=1&psc=1"><img src="https://m.media-amazon.com/images/I/41TblWhKhQL._SL500_.jpg" alt="Product Image"></a><p>BRISA VW Collection Volkswagen Air Freshener, Room Freshener, Deodorizer for Cars T1 Bus Campervan Motif (New Car/Green/Set of 2)</p><p>$13.90 ($6.95 / Count)</p><a href="https://www.amazon.com/dp/B07L3V86JS?tag=eloabder-20&linkCode=osi&th=1&psc=1">View Product</a></div>


Aucun résultat trouvé.










<div class="product"><a href="https://www.amazon.com/dp/B099HL5SV2?tag=eloabder-20&linkCode=osi&th=1&psc=1"><img src="https://m.media-amazon.com/images/I/31kcR8HnylL._SL500_.jpg" alt="Product Image"></a><p>Philips GoPure GP5212 High Performance HEPA Air Purifier for Car, Removes up to 100 Pollutants, Exhaust Fumes, VOCs, Smoke, Bad Odors, Bacteria and Viruses</p><p>$77.59</p><a href="https://www.amazon.com/dp/B099HL5SV2?tag=eloabder-20&linkCode=osi&th=1&psc=1">View Product</a></div><div class="product"><a href="https://www.amazon.com/dp/B07TB419F7?tag=eloabder-20&linkCode=osi&th=1&psc=1"><img src="https://m.media-amazon.com/images/I/41l9XK-u-eL._SL500_.jpg" alt="Product Image"></a><p>Enoch Ionic Car Air Purifier with Dual USB Car Charger. Car Air Freshener Eliminates Odor, Dust. Removes Smoke, Pet and Food Odor. Ionic Ozone Car Deodorizer (Matt Black)</p><p>$24.50</p><a href="https://www.amazon.com/dp/B07TB419F7?tag=eloabder-20&linkCode=osi&th=1&psc=1">View Product</a></div><div class="product"><a href="https://www.amazon.com/dp/B08C9LKKMM?tag=eloabder-20&linkCode=osi&th=1&psc=1"><img src="https://m.media-amazon.com/images/I/41uJDRzxfrL._SL500_.jpg" alt="Product Image"></a><p>4WDKING Car Air Purifier Ionizer, 12V Plug-in Car Air Freshener Gadgets with Dual USB Charger Removes Cigarette Smoke, Pet and Food Odor, Ionic Ozone (Black)</p><p>$22.99</p><a href="https://www.amazon.com/dp/B08C9LKKMM?tag=eloabder-20&linkCode=osi&th=1&psc=1">View Product</a></div><div class="product"><a href="https://www.amazon.com/dp/B07C7D366L?tag=eloabder-20&linkCode=osi&th=1&psc=1"><img src="https://m.media-amazon.com/images/I/51GvjMcOskL._SL500_.jpg" alt="Product Image"></a><p>Car Air Purifier Ionizer - 12V Plug-in Ionic Anti-Microbial Car Deodorizer with Dual USB Charger - Smoke Smell, Pet and Food Odors, Allergens, Viruses Eliminator for Car (Matte Silver)</p><p>$24.99</p><a href="https://www.amazon.com/dp/B07C7D366L?tag=eloabder-20&linkCode=osi&th=1&psc=1">View Product</a></div><div class="product"><a href="https://www.amazon.com/dp/B086H3FW7T?tag=eloabder-20&linkCode=osi&th=1&psc=1"><img src="https://m.media-amazon.com/images/I/51FfQTz4koL._SL500_.jpg" alt="Product Image"></a><p>bmbu 1000g Large Bamboo Charcoal Air Purifier Bag - Car Deodorizer/Car Freshener - Remove Odor and Control Moisture in Your RV, Camper, SUV, Car, Truck, Closet, Mobile Home, Storage - Non Fragrant</p><p>$22.99 ($0.65 / Ounce)</p><a href="https://www.amazon.com/dp/B086H3FW7T?tag=eloabder-20&linkCode=osi&th=1&psc=1">View Product</a></div><div class="product"><a href="https://www.amazon.com/dp/B019NXUJ5K?tag=eloabder-20&linkCode=osi&th=1&psc=1"><img src="https://m.media-amazon.com/images/I/31grLw6pdUL._SL500_.jpg" alt="Product Image"></a><p>PURGGO Car Air Freshener - Lasts 365+ Days No Chemicals 100% Activated Bamboo Charcoal Fragrance-Free Deodorizer, Natural Auto Odor Eliminator, Purifier, Neutralizer, Absorb Smoke Smell</p><p>$25.99</p><a href="https://www.amazon.com/dp/B019NXUJ5K?tag=eloabder-20&linkCode=osi&th=1&psc=1">View Product</a></div><div class="product"><a href="https://www.amazon.com/dp/B0CT5TBKH5?tag=eloabder-20&linkCode=osi&th=1&psc=1"><img src="https://m.media-amazon.com/images/I/41UB7n6FuwL._SL500_.jpg" alt="Product Image"></a><p>Timgle 1 Pack Car Air Freshener, Lasts 365+ Days, No Chemicals 100% Activated Bamboo Charcoal Fragrance, Free Deodorizer, Natural Auto Odor Eliminator, Purifier, Neutralizer (Khaki Strap)</p><p>$10.99</p><a href="https://www.amazon.com/dp/B0CT5TBKH5?tag=eloabder-20&linkCode=osi&th=1&psc=1">View Product</a></div><div class="product"><a href="https://www.amazon.com/dp/B00V4049K2?tag=eloabder-20&linkCode=osi&th=1&psc=1"><img src="https://m.media-amazon.com/images/I/51rLLMGOc6L._SL500_.jpg" alt="Product Image"></a><p>PURGGO Car Air Freshener - Auto Odor Eliminator - 100% Activated Bamboo Charcoal Air Purifier, Ionizer - Absorb and Remove Smoke Smell - Fragrance-Free Deodorizer - Lasts 365+ Days [Classic Beige]</p><p>$25.99</p><a href="https://www.amazon.com/dp/B00V4049K2?tag=eloabder-20&linkCode=osi&th=1&psc=1">View Product</a></div>








<div class="product"><a href="https://www.amazon.com/dp/B00RYGK12K?tag=eloabder-20&linkCode=osi&th=1&psc=1"><img src="https://m.media-amazon.com/images/I/51RdEyCkvuL._SL500_.jpg" alt="Product Image"></a><p>Little Trees Cardboard Hanging Car, Home & Office Air Freshener, Summer Linen (Pack of 12)</p><p>$11.82 ($0.98 / Count)</p><a href="https://www.amazon.com/dp/B00RYGK12K?tag=eloabder-20&linkCode=osi&th=1&psc=1">View Product</a></div><div class="product"><a href="https://www.amazon.com/dp/B00LM54ZD0?tag=eloabder-20&linkCode=osi&th=1&psc=1"><img src="https://m.media-amazon.com/images/I/41YuRNweefL._SL500_.jpg" alt="Product Image"></a><p>LITTLE TREES Air Fresheners Car Air Freshener. Hanging Tree Provides Long Lasting Scent for Auto or Home. Black Ice, 24 Air Fresheners</p><p>$20.19 ($0.84 / Count)</p><a href="https://www.amazon.com/dp/B00LM54ZD0?tag=eloabder-20&linkCode=osi&th=1&psc=1">View Product</a></div><div class="product"><a href="https://www.amazon.com/dp/B09BB4V1Y8?tag=eloabder-20&linkCode=osi&th=1&psc=1"><img src="https://m.media-amazon.com/images/I/51AKMdDLO-L._SL500_.jpg" alt="Product Image"></a><p>DRIVEJOY Car Air Freshener Vent Clips, 8 PK, 6 Ocean, 2 New Car Scent, Car Fresheners for Men Women, Up to 240 Days, Long Lasting Air Freshener for Car, Odor Eliminator</p><p>$9.98 ($9.60 / Fl Oz)</p><a href="https://www.amazon.com/dp/B09BB4V1Y8?tag=eloabder-20&linkCode=osi&th=1&psc=1">View Product</a></div><div class="product"><a href="https://www.amazon.com/dp/B078JWRLYT?tag=eloabder-20&linkCode=osi&th=1&psc=1"><img src="https://m.media-amazon.com/images/I/41shbIl-LEL._SL500_.jpg" alt="Product Image"></a><p>California Scents Air Freshener 4-Pack Car Air Freshener (Coronado Cherry)</p><p>$12.88 ($2.15 / Ounce)</p><a href="https://www.amazon.com/dp/B078JWRLYT?tag=eloabder-20&linkCode=osi&th=1&psc=1">View Product</a></div><div class="product"><a href="https://www.amazon.com/dp/B0CW4CJWW9?tag=eloabder-20&linkCode=osi&th=1&psc=1"><img src="https://m.media-amazon.com/images/I/417lKQ0MXPL._SL500_.jpg" alt="Product Image"></a><p>Karma, Essential Oil Air Freshener for Cars Set of 2, Home & Office - Colorful Decorative Hanging Air Freshener with Tassel, Buttercup Vanilla Scented</p><p>$8.40 ($4.20 / Count)</p><a href="https://www.amazon.com/dp/B0CW4CJWW9?tag=eloabder-20&linkCode=osi&th=1&psc=1">View Product</a></div><div class="product"><a href="https://www.amazon.com/dp/B00AYCXL2I?tag=eloabder-20&linkCode=osi&th=1&psc=1"><img src="https://m.media-amazon.com/images/I/5165h10nKbL._SL500_.jpg" alt="Product Image"></a><p>Febreze Car Air Fresheners, New Car Scent, Odor Eliminator for Strong Odors Car Vent Clips (2 Count)</p><p>$9.98 ($4.99 / Count)</p><a href="https://www.amazon.com/dp/B00AYCXL2I?tag=eloabder-20&linkCode=osi&th=1&psc=1">View Product</a></div><div class="product"><a href="https://www.amazon.com/dp/B01LZ0N1MJ?tag=eloabder-20&linkCode=osi&th=1&psc=1"><img src="https://m.media-amazon.com/images/I/41J5LJGof9L._SL500_.jpg" alt="Product Image"></a><p>LITTLE TREES Car Air Freshener | Hanging Paper Tree for Home or Car | New Car Scent | 12 Pack</p><p>$11.70 ($0.98 / Count)</p><a href="https://www.amazon.com/dp/B01LZ0N1MJ?tag=eloabder-20&linkCode=osi&th=1&psc=1">View Product</a></div><div class="product"><a href="https://www.amazon.com/dp/B0C2Q2VGPZ?tag=eloabder-20&linkCode=osi&th=1&psc=1"><img src="https://m.media-amazon.com/images/I/413gckSL1EL._SL500_.jpg" alt="Product Image"></a><p>Savage Disposable Card Freshener for Men | Car Scents Air Freshener with Sauvage Fragrance | Strong Car Perfume Air Freshener with Odour Eliminating Technology | Suvage by Perfa</p><p>$6.99</p><a href="https://www.amazon.com/dp/B0C2Q2VGPZ?tag=eloabder-20&linkCode=osi&th=1&psc=1">View Product</a></div>




<div class="product"><a href="https://www.amazon.com/dp/B06WVL7YSG?tag=eloabder-20&linkCode=osi&th=1&psc=1"><img src="https://m.media-amazon.com/images/I/51fO0NuM6nL._SL500_.jpg" alt="Product Image"></a><p>Meguiar's Quik Scratch Eraser Kit, Car Scratch Remover for Repairing Surface Blemishes, Car Care Kit with ScratchX, Drill-Mounted Pad, and Microfiber Towel, 3 Count</p><p>$17.97</p><a href="https://www.amazon.com/dp/B06WVL7YSG?tag=eloabder-20&linkCode=osi&th=1&psc=1">View Product</a></div><div class="product"><a href="https://www.amazon.com/dp/B00P67GSRG?tag=eloabder-20&linkCode=osi&th=1&psc=1"><img src="https://m.media-amazon.com/images/I/41R-vt8tcnL._SL500_.jpg" alt="Product Image"></a><p>Chemical Guys GAP_VKIT_16 V Line Polish and Compound Kit For Light to Heavy Swirls & Scratches (Safe for Cars, Trucks, SUVs, RVs, Motorcycles, & More) 4 - 16 fl oz Items</p><p>$69.99</p><a href="https://www.amazon.com/dp/B00P67GSRG?tag=eloabder-20&linkCode=osi&th=1&psc=1">View Product</a></div>
<div class="product"><a href="https://www.amazon.com/dp/B0BQ1CPLSQ?tag=eloabder-20&linkCode=osi&th=1&psc=1"><img src="https://m.media-amazon.com/images/I/41ikSNNgp5L._SL500_.jpg" alt="Product Image"></a><p>PROPER DETAILING CO. Car Detailing Kit Interior Cleaner, Get Professional Results - Car Interior Cleaning Kit includes 16 oz. interior cleaner, premium boars hair detail brush, and 2 microfiber towels</p><p>$23.99</p><a href="https://www.amazon.com/dp/B0BQ1CPLSQ?tag=eloabder-20&linkCode=osi&th=1&psc=1">View Product</a></div>






<div class="product"><a href="https://www.amazon.com/dp/B004VG6SWS?tag=eloabder-20&linkCode=osi&th=1&psc=1"><img src="https://m.media-amazon.com/images/I/31M54KTIo2L._SL500_.jpg" alt="Product Image"></a><p>3M Scotchgard Clear Paint Protection Bulk Film Roll 12-by-72-inches</p><p>$38.00</p><a href="https://www.amazon.com/dp/B004VG6SWS?tag=eloabder-20&linkCode=osi&th=1&psc=1">View Product</a></div><div class="product"><a href="https://www.amazon.com/dp/B073X7WF5J?tag=eloabder-20&linkCode=osi&th=1&psc=1"><img src="https://m.media-amazon.com/images/I/41PIPchJvFL._SL500_.jpg" alt="Product Image"></a><p>VViViD 3M Clear Paint Protection Vinyl Film 6 Inch x 25 Inch</p><p>$9.99</p><a href="https://www.amazon.com/dp/B073X7WF5J?tag=eloabder-20&linkCode=osi&th=1&psc=1">View Product</a></div>

<div class="product"><a href="https://www.amazon.com/dp/B09VLKQY83?tag=eloabder-20&linkCode=osi&th=1&psc=1"><img src="https://m.media-amazon.com/images/I/41HrqrTIGUL._SL500_.jpg" alt="Product Image"></a><p>Charcoal 2PLY Nano Ceramic 20% VLT Car Tint 36 in x 25 FT Professional Window Tint Heat, UV 99%, and IRR 85% to 90% Tint for Cars or Building Adhesive Film Easy Shrink, Plotter Friendly</p><p>$56.95 ($0.76 / Sq Ft)</p><a href="https://www.amazon.com/dp/B09VLKQY83?tag=eloabder-20&linkCode=osi&th=1&psc=1">View Product</a></div><div class="product"><a href="https://www.amazon.com/dp/B000CAM2ZO?tag=eloabder-20&linkCode=osi&th=1&psc=1"><img src="https://m.media-amazon.com/images/I/31zB99KwKWL._SL500_.jpg" alt="Product Image"></a><p>Black Magic 5060107 Professional Anti-Heat Layer Tint Film, 5% VLT, 24-Inches x 78-Inches</p><p>$20.26 ($1.56 / Sq Ft)</p><a href="https://www.amazon.com/dp/B000CAM2ZO?tag=eloabder-20&linkCode=osi&th=1&psc=1">View Product</a></div>

<div class="product"><a href="https://www.amazon.com/dp/B081T7N948?tag=eloabder-20&linkCode=osi&th=1&psc=1"><img src="https://m.media-amazon.com/images/I/41q0eWfEB3L._SL500_.jpg" alt="Product Image"></a><p>PULIDIKI Car Cleaning Gel Universal Detailing Kit Automotive Dust Car Crevice Cleaner Slime Auto Air Vent Interior Detail Removal for Car Putty Cleaning Keyboard Cleaner Car Accessories Blue</p><p>$5.94</p><a href="https://www.amazon.com/dp/B081T7N948?tag=eloabder-20&linkCode=osi&th=1&psc=1">View Product</a></div><div class="product"><a href="https://www.amazon.com/dp/B0CRKX3D9J?tag=eloabder-20&linkCode=osi&th=1&psc=1"><img src="https://m.media-amazon.com/images/I/51aymO4P7aL._SL500_.jpg" alt="Product Image"></a><p>PULIDIKI Car Cleaning Gel for Car Cleaning Putty Car Putty Auto Detailing Tools Car Slime Cleaner Dust Cleaning Gel for Car Interior Cleaner Car Accessories Keyboard Cleaner Blue (2Pack)</p><p>$9.99</p><a href="https://www.amazon.com/dp/B0CRKX3D9J?tag=eloabder-20&linkCode=osi&th=1&psc=1">View Product</a></div><div class="product"><a href="https://www.amazon.com/dp/B0988X73FW?tag=eloabder-20&linkCode=osi&th=1&psc=1"><img src="https://m.media-amazon.com/images/I/51qQkFSZAIL._SL500_.jpg" alt="Product Image"></a><p>TICARVE Car Cleaning Gel Detailing Putty Car Putty Auto Detailing Tools Car Interior Cleaner Cleaning Slime Car Accessories Keyboard Cleaner Rose/NT WT: 5.6 oz (160 gr)</p><p>$6.98</p><a href="https://www.amazon.com/dp/B0988X73FW?tag=eloabder-20&linkCode=osi&th=1&psc=1">View Product</a></div><div class="product"><a href="https://www.amazon.com/dp/B08RDNV8KQ?tag=eloabder-20&linkCode=osi&th=1&psc=1"><img src="https://m.media-amazon.com/images/I/51DwR48ghvL._SL500_.jpg" alt="Product Image"></a><p>TICARVE Cleaning Gel for Car Detailing Car Vent Cleaner Cleaning Putty Gel Auto Car Interior Cleaner Dust Cleaning Mud for Cars and Keyboard Cleaner Cleaning Slime Purple</p><p>$6.99</p><a href="https://www.amazon.com/dp/B08RDNV8KQ?tag=eloabder-20&linkCode=osi&th=1&psc=1">View Product</a></div><div class="product"><a href="https://www.amazon.com/dp/B07SBNH48K?tag=eloabder-20&linkCode=osi&th=1&psc=1"><img src="https://m.media-amazon.com/images/I/51MyrDaYquL._SL500_.jpg" alt="Product Image"></a><p>COLORCORAL Cleaning Gel for Car Universal Gel Cleaner Auto Detailing Car Vent Keyboard Cleaning Putty Car Interior Cleaner Dashboard Dust Remover Putty Auto Duster Cleaning Kit 160G</p><p>$6.99</p><a href="https://www.amazon.com/dp/B07SBNH48K?tag=eloabder-20&linkCode=osi&th=1&psc=1">View Product</a></div><div class="product"><a href="https://www.amazon.com/dp/B0D1CB8RP2?tag=eloabder-20&linkCode=osi&th=1&psc=1"><img src="https://m.media-amazon.com/images/I/51MPeMNItzL._SL500_.jpg" alt="Product Image"></a><p>ALIOBC Car Cleaning Gel, Keyboard Cleaner Cleaning Putty for Car Interior Car Slime Cleaner Dust Cleaning Gel Car Putty for Cleaning Car Gel Cleaner Blue NT.WT.: 5.6 oz (160 g)</p><p>$6.99</p><a href="https://www.amazon.com/dp/B0D1CB8RP2?tag=eloabder-20&linkCode=osi&th=1&psc=1">View Product</a></div><div class="product"><a href="https://www.amazon.com/dp/B09995RLLH?tag=eloabder-20&linkCode=osi&th=1&psc=1"><img src="https://m.media-amazon.com/images/I/51hASKz7MnL._SL500_.jpg" alt="Product Image"></a><p>TICARVE 2Pack Cleaning Gel for Car Cleaning Putty Car Slime for Cleaning Car Detailing Putty Detail Tools Car Interior Cleaner Automotive Car Cleaning Kits Keyboard Cleaner Blue Purple (320g/11.2oz)</p><p>$7.99</p><a href="https://www.amazon.com/dp/B09995RLLH?tag=eloabder-20&linkCode=osi&th=1&psc=1">View Product</a></div><div class="product"><a href="https://www.amazon.com/dp/B0D6X5K8CY?tag=eloabder-20&linkCode=osi&th=1&psc=1"><img src="https://m.media-amazon.com/images/I/51C3FExB5RL._SL500_.jpg" alt="Product Image"></a><p>Dust Away Universal Car Cleaning Gel Automotive Detail Putty Crevice Cleaning Slime for Air Vents Interiors Keyboards Laptops & Electronics Versatile Home & Office Accessories Fresh Scent (Lime Green)</p><p>$5.88</p><a href="https://www.amazon.com/dp/B0D6X5K8CY?tag=eloabder-20&linkCode=osi&th=1&psc=1">View Product</a></div>

<div class="product"><a href="https://www.amazon.com/dp/B0D464228M?tag=eloabder-20&linkCode=osi&th=1&psc=1"><img src="https://m.media-amazon.com/images/I/315VtBe9l-L._SL500_.jpg" alt="Product Image"></a><p>Drift Car Air Freshener - Wood Air Freshener - Car Odor Eliminator - Open Air Scent Starter Kit</p><p>$11.95</p><a href="https://www.amazon.com/dp/B0D464228M?tag=eloabder-20&linkCode=osi&th=1&psc=1">View Product</a></div>
<div class="product"><a href="https://www.amazon.com/dp/B071HR14SJ?tag=eloabder-20&linkCode=osi&th=1&psc=1"><img src="https://m.media-amazon.com/images/I/41crypCefDL._SL500_.jpg" alt="Product Image"></a><p>Meguiar's Gold Class Car Wash Soap, Ultra-Rich Car Wash Soap and Conditioner for Car Cleaning, Car Wash Soap to Clean and Condition in One Easy Step, 1 Gallon Car Wash Soap</p><p>$24.99 ($0.20 / Ounce)</p><a href="https://www.amazon.com/dp/B071HR14SJ?tag=eloabder-20&linkCode=osi&th=1&psc=1">View Product</a></div><div class="product"><a href="https://www.amazon.com/dp/B085R9L9Q9?tag=eloabder-20&linkCode=osi&th=1&psc=1"><img src="https://m.media-amazon.com/images/I/41tAv1FNbZL._SL500_.jpg" alt="Product Image"></a><p>Armor All Extreme Shield Protectant Spray , Interior Car Cleaner with UV Protection Against Cracking and Fading, 16 Fl Oz</p><p>$8.98 ($0.56 / Fl Oz)</p><a href="https://www.amazon.com/dp/B085R9L9Q9?tag=eloabder-20&linkCode=osi&th=1&psc=1">View Product</a></div><div class="product"><a href="https://www.amazon.com/dp/B016NA9Y4S?tag=eloabder-20&linkCode=osi&th=1&psc=1"><img src="https://m.media-amazon.com/images/I/31oz8VJFdjL._SL500_.jpg" alt="Product Image"></a><p>Rain-X 5079281-2 Latitude 2-In-1 Wiper Blades, 26 Inch Windshield Wipers (Pack Of 1), Automotive Replacement Windshield Wiper Blades With Patented Rain-X Water Repellency Formula</p><p>$17.08</p><a href="https://www.amazon.com/dp/B016NA9Y4S?tag=eloabder-20&linkCode=osi&th=1&psc=1">View Product</a></div><div class="product"><a href="https://www.amazon.com/dp/B0D2PCCJVK?tag=eloabder-20&linkCode=osi&th=1&psc=1"><img src="https://m.media-amazon.com/images/I/41BFT-c3a9L._SL500_.jpg" alt="Product Image"></a><p>HoogaLife Car Air Freshener Diffuser – Revitalize Your Drive with Hanging Air Freshener Diffuser Aromatic Bliss On The Go(VANILLA CREAM)</p><p>$12.99 ($24.06 / Fl Oz)</p><a href="https://www.amazon.com/dp/B0D2PCCJVK?tag=eloabder-20&linkCode=osi&th=1&psc=1">View Product</a></div><div class="product"><a href="https://www.amazon.com/dp/B0D17SKCLF?tag=eloabder-20&linkCode=osi&th=1&psc=1"><img src="https://m.media-amazon.com/images/I/51VjaK8JNmL._SL500_.jpg" alt="Product Image"></a><p>AIDEA Car Wash Mitt Microfiber, 1PK-Scratch-Free& Lint-Free, Premium Chenille Microfiber Wash Mitt-Green Regular Size (7.12''X10.14'')</p><p>$5.99</p><a href="https://www.amazon.com/dp/B0D17SKCLF?tag=eloabder-20&linkCode=osi&th=1&psc=1">View Product</a></div>








<div class="product"><a href="https://www.amazon.com/dp/B00UZE8D00?tag=eloabder-20&linkCode=osi&th=1&psc=1"><img src="https://m.media-amazon.com/images/I/517VVkgvgcL._SL500_.jpg" alt="Product Image"></a><p>Chemical Guys HOL_996 Convertible Top Cleaner and Protectant Kit, 16 oz, 2 Items</p><p>$29.99</p><a href="https://www.amazon.com/dp/B00UZE8D00?tag=eloabder-20&linkCode=osi&th=1&psc=1">View Product</a></div><div class="product"><a href="https://www.amazon.com/dp/B004HCS4NW?tag=eloabder-20&linkCode=osi&th=1&psc=1"><img src="https://m.media-amazon.com/images/I/41j5b6xRqNL._SL500_.jpg" alt="Product Image"></a><p>Meguiar's Convertible Top Cleaner - Fabric Convertible Top Cleaner and Vinyl Convertible Top Cleaner in One Advanced Formula - Safely Removes Stains, Mildew, Bird Droppings, and More, 16 Oz</p><p>$6.87 ($0.43 / Ounce)</p><a href="https://www.amazon.com/dp/B004HCS4NW?tag=eloabder-20&linkCode=osi&th=1&psc=1">View Product</a></div><div class="product"><a href="https://www.amazon.com/dp/B00UZE80N0?tag=eloabder-20&linkCode=osi&th=1&psc=1"><img src="https://m.media-amazon.com/images/I/31FG83SK9SL._SL500_.jpg" alt="Product Image"></a><p>Chemical Guys SPI_193_16 Convertible Top Protectant and Repellent, (Helps Prevent Fading & Discoloration on Fabric Sot Tops) 16 fl oz (Packaging May Vary)</p><p>$19.99 ($1.25 / Fl Oz)</p><a href="https://www.amazon.com/dp/B00UZE80N0?tag=eloabder-20&linkCode=osi&th=1&psc=1">View Product</a></div><div class="product"><a href="https://www.amazon.com/dp/B00UZE8C1A?tag=eloabder-20&linkCode=osi&th=1&psc=1"><img src="https://m.media-amazon.com/images/I/31aLnXKZxfL._SL500_.jpg" alt="Product Image"></a><p>Chemical Guys ACC_S94 Convertible Top Horse Hair Cleaning Brush, Safe for Cloth Soft Tops, Upholstery, Leather, Furniture, & More</p><p>$14.99</p><a href="https://www.amazon.com/dp/B00UZE8C1A?tag=eloabder-20&linkCode=osi&th=1&psc=1">View Product</a></div><div class="product"><a href="https://www.amazon.com/dp/B000A8JNF0?tag=eloabder-20&linkCode=osi&th=1&psc=1"><img src="https://m.media-amazon.com/images/I/51PLChiVIrL._SL500_.jpg" alt="Product Image"></a><p>303 Products Convertible Fabric Top Cleaning and Care Kit - Cleans And Protects Fabric Tops - Includes Tonneau Cover And Convertible Top Cleaner 16 fl. oz. + Fabric Guard, (30520)</p><p>$32.79 ($1.02 / Fl Oz)</p><a href="https://www.amazon.com/dp/B000A8JNF0?tag=eloabder-20&linkCode=osi&th=1&psc=1">View Product</a></div>
<div class="product"><a href="https://www.amazon.com/dp/B0BCQ1XMWV?tag=eloabder-20&linkCode=osi&th=1&psc=1"><img src="https://m.media-amazon.com/images/I/41lV6Au-S9L._SL500_.jpg" alt="Product Image"></a><p>EMITHSUN® Windshield Wiper Blades Replacement for Honda Civic Coupe 2 Door 2005-2011,That Meet OEM Quality Front Wipers Blade Set for My Car-28"+24"(Set of 2)</p><p>$19.99</p><a href="https://www.amazon.com/dp/B0BCQ1XMWV?tag=eloabder-20&linkCode=osi&th=1&psc=1">View Product</a></div>
<div class="product"><a href="https://www.amazon.com/dp/B00I8ITVZG?tag=eloabder-20&linkCode=osi&th=1&psc=1"><img src="https://m.media-amazon.com/images/I/41TXd564pcL._SL500_.jpg" alt="Product Image"></a><p>ECOGARD XC36067 Premium Cabin Air Filter Fits Hyundai Genesis 2009-2016, Equus 2011-2016 | Genesis G80 2017-2021, G90 2019-2021, GV80 2021 | Kia K900 2020</p><p>$10.98</p><a href="https://www.amazon.com/dp/B00I8ITVZG?tag=eloabder-20&linkCode=osi&th=1&psc=1">View Product</a></div>

<div class="product"><a href="https://www.amazon.com/dp/B097C3NCP1?tag=eloabder-20&linkCode=osi&th=1&psc=1"><img src="https://m.media-amazon.com/images/I/41GXST2+s6L._SL500_.jpg" alt="Product Image"></a><p>Raidbee 12 inch Rear Wiper Blade Replacement for Toyota Corolla Hatchback 2022-2019, Nissan Versa 2019-2014 Back Windshield Wiper (H306/12-B)</p><p>$6.99</p><a href="https://www.amazon.com/dp/B097C3NCP1?tag=eloabder-20&linkCode=osi&th=1&psc=1">View Product</a></div>



<div class="product"><a href="https://www.amazon.com/dp/B0CQ4MLKHJ?tag=eloabder-20&linkCode=osi&th=1&psc=1"><img src="https://m.media-amazon.com/images/I/519f8covwQL._SL500_.jpg" alt="Product Image"></a><p>Feetiger All-in-1 Fire Extinguisher for Home, Kitchen, Car, Garage, RV, Truck, Boat, Camping, Fire Spray that Tackles Multiple Types of Fire, 2pack</p><p>$39.99</p><a href="https://www.amazon.com/dp/B0CQ4MLKHJ?tag=eloabder-20&linkCode=osi&th=1&psc=1">View Product</a></div>
<div class="product"><a href="https://www.amazon.com/dp/B07TS4JV6H?tag=eloabder-20&linkCode=osi&th=1&psc=1"><img src="https://m.media-amazon.com/images/I/412htpDd6fL._SL500_.jpg" alt="Product Image"></a><p>Police Flag Air Freshener, New Car Scent, 6-Pack</p><p>$9.99 ($1.66 / Count)</p><a href="https://www.amazon.com/dp/B07TS4JV6H?tag=eloabder-20&linkCode=osi&th=1&psc=1">View Product</a></div>


<div class="product"><a href="https://www.amazon.com/dp/B009EU5ZNO?tag=eloabder-20&linkCode=osi&th=1&psc=1"><img src="https://m.media-amazon.com/images/I/515MJLZbnoL._SL500_.jpg" alt="Product Image"></a><p>J-B Weld 50133 Plastic Bonder Structural Adhesive Syringe - Tan - 25 ml</p><p>$6.98 ($8.21 / Fl Oz)</p><a href="https://www.amazon.com/dp/B009EU5ZNO?tag=eloabder-20&linkCode=osi&th=1&psc=1">View Product</a></div>



<div class="product"><a href="https://www.amazon.com/dp/B09P6YZP72?tag=eloabder-20&linkCode=osi&th=1&psc=1"><img src="https://m.media-amazon.com/images/I/416rlvu+ayL._SL500_.jpg" alt="Product Image"></a><p>AUTOBOO 26"+20" Windshield Wipers with 16" Rear Wiper Blade Replacement for Dodge Grand Caravan 2008-2012 2013 2014 2015 2016 2017 2018 2019 -Original Factory Quality (Pack of 3)</p><p>$23.99</p><a href="https://www.amazon.com/dp/B09P6YZP72?tag=eloabder-20&linkCode=osi&th=1&psc=1">View Product</a></div><div class="product"><a href="https://www.amazon.com/dp/B0BLYQBDS8?tag=eloabder-20&linkCode=osi&th=1&psc=1"><img src="https://m.media-amazon.com/images/I/51SbpSR2zBL._SL500_.jpg" alt="Product Image"></a><p>A-Premium Engine Air Filter Compatible with Chrysler Town & Country & Dodge Grand Caravan & Ram C/V & Volkswagen Routan, 2011-2020, Flexible Panel, Replace# 4861737AA</p><p>$12.99</p><a href="https://www.amazon.com/dp/B0BLYQBDS8?tag=eloabder-20&linkCode=osi&th=1&psc=1">View Product</a></div>
<div class="product"><a href="https://www.amazon.com/dp/B001FCB4JS?tag=eloabder-20&linkCode=osi&th=1&psc=1"><img src="https://m.media-amazon.com/images/I/21wq6fxqiVL._SL500_.jpg" alt="Product Image"></a><p>Dicor BT-1834-1 Butyl Seal Tape - 1/8" x 3/4" x 30' Repair Tape for RV, Trailer, Motorhome, Window, and Vent Sealing</p><p>$13.15 ($0.44 / Foot)</p><a href="https://www.amazon.com/dp/B001FCB4JS?tag=eloabder-20&linkCode=osi&th=1&psc=1">View Product</a></div>
<div class="product"><a href="https://www.amazon.com/dp/B000BUQOD6?tag=eloabder-20&linkCode=osi&th=1&psc=1"><img src="https://m.media-amazon.com/images/I/41O0CoP1L3L._SL500_.jpg" alt="Product Image"></a><p>Camco Camper/RV Toilet Paper | Sewer-Safe, Septic-Safe & Biodegradable | Designed for Camper, Trailer & Marine Sanitation Systems | 1-Ply Tissue | 4 Toilet Paper Rolls – 280 Sheets per Roll (40275)</p><p>$5.99 ($2.14 / 100 Sheets)</p><a href="https://www.amazon.com/dp/B000BUQOD6?tag=eloabder-20&linkCode=osi&th=1&psc=1">View Product</a></div><div class="product"><a href="https://www.amazon.com/dp/B007JG1W1E?tag=eloabder-20&linkCode=osi&th=1&psc=1"><img src="https://m.media-amazon.com/images/I/41i-j99E9ML._SL500_.jpg" alt="Product Image"></a><p>Camco TST Camper / RV Grey Water Odor Control - Removes Grease Buildup in Gray Water Tank, Sink & Shower Drains - 4oz Treats 40-Gal Holding Tank - Safe Septic Tank Treatment - Lemon, 64 oz (40256)</p><p>$19.94 ($0.31 / Fl Oz)</p><a href="https://www.amazon.com/dp/B007JG1W1E?tag=eloabder-20&linkCode=osi&th=1&psc=1">View Product</a></div><div class="product"><a href="https://www.amazon.com/dp/B016V2OSD0?tag=eloabder-20&linkCode=osi&th=1&psc=1"><img src="https://m.media-amazon.com/images/I/31Jm99RYVXL._SL500_.jpg" alt="Product Image"></a><p>Camco TST MAX RV Toilet Treatment Drop-INs | Control Unwanted Odors and Break Down Waste and Tissue | Septic Tank Safe | Lavender Scent | 15-pack (41559)</p><p>$11.97 ($0.80 / Count)</p><a href="https://www.amazon.com/dp/B016V2OSD0?tag=eloabder-20&linkCode=osi&th=1&psc=1">View Product</a></div>






<div class="product"><a href="https://www.amazon.com/dp/B006GJYOL0?tag=eloabder-20&linkCode=osi&th=1&psc=1"><img src="https://m.media-amazon.com/images/I/41YPjiCzDfL._SL500_.jpg" alt="Product Image"></a><p>Boat Bling HS-0128 Hot Sauce Hard Water Spot Remover, Gallon Refill, for Boats, RVs, Powersport Vehicles and More, Black,1 Gallon</p><p>$54.95 ($0.43 / Fl Oz)</p><a href="https://www.amazon.com/dp/B006GJYOL0?tag=eloabder-20&linkCode=osi&th=1&psc=1">View Product</a></div><div class="product"><a href="https://www.amazon.com/dp/B0000AXVCB?tag=eloabder-20&linkCode=osi&th=1&psc=1"><img src="https://m.media-amazon.com/images/I/51gtsDb7zDL._SL500_.jpg" alt="Product Image"></a><p>Meguiar's M4364 Marine/RV Boat Wash - 64 Oz Container</p><p>$13.99 ($0.22 / Fl Oz)</p><a href="https://www.amazon.com/dp/B0000AXVCB?tag=eloabder-20&linkCode=osi&th=1&psc=1">View Product</a></div><div class="product"><a href="https://www.amazon.com/dp/B0007TR47G?tag=eloabder-20&linkCode=osi&th=1&psc=1"><img src="https://m.media-amazon.com/images/I/41Q4SzlVojL._SL500_.jpg" alt="Product Image"></a><p>Meguiar's Flagship Premium Marine Wax, Boat Polish and Oxidation Remover - 32 Oz Bottle</p><p>$21.49</p><a href="https://www.amazon.com/dp/B0007TR47G?tag=eloabder-20&linkCode=osi&th=1&psc=1">View Product</a></div><div class="product"><a href="https://www.amazon.com/dp/B006GJYLFY?tag=eloabder-20&linkCode=osi&th=1&psc=1"><img src="https://m.media-amazon.com/images/I/31G78TSjssL._SL500_.jpg" alt="Product Image"></a><p>Boat Bling Condition Sauce Premium Interior Moisturizer w/UV Protection, 32 oz.</p><p>$27.95</p><a href="https://www.amazon.com/dp/B006GJYLFY?tag=eloabder-20&linkCode=osi&th=1&psc=1">View Product</a></div><div class="product"><a href="https://www.amazon.com/dp/B006GJYKWI?tag=eloabder-20&linkCode=osi&th=1&psc=1"><img src="https://m.media-amazon.com/images/I/41AcDanNz-L._SL500_.jpg" alt="Product Image"></a><p>Boat Bling VS-0032 Vinyl Sauce Premium Vinyl and Leather Cleaner, 32 Oz., for Boats, RVs, Powersport Vehicles and More</p><p>$22.95 ($0.72 / Fl Oz)</p><a href="https://www.amazon.com/dp/B006GJYKWI?tag=eloabder-20&linkCode=osi&th=1&psc=1">View Product</a></div>
<div class="product"><a href="https://www.amazon.com/dp/B004OJTEKK?tag=eloabder-20&linkCode=osi&th=1&psc=1"><img src="https://m.media-amazon.com/images/I/41q8kkNiKOL._SL500_.jpg" alt="Product Image"></a><p>Shurhold Yacht Brite YBP-0302 Brite Wash - 1 Gallon</p><p>$23.97 ($0.19 / Fl Oz)</p><a href="https://www.amazon.com/dp/B004OJTEKK?tag=eloabder-20&linkCode=osi&th=1&psc=1">View Product</a></div>




<div class="product"><a href="https://www.amazon.com/dp/B0B2RDZNZB?tag=eloabder-20&linkCode=osi&th=1&psc=1"><img src="https://m.media-amazon.com/images/I/51RVSUoRuGL._SL500_.jpg" alt="Product Image"></a><p>Fancemot Helicopter Car Air Fresheners Rotating Solar Car Fresheners Airplane Car Perfume (Osmanthus & Vanilla)</p><p>$14.08</p><a href="https://www.amazon.com/dp/B0B2RDZNZB?tag=eloabder-20&linkCode=osi&th=1&psc=1">View Product</a></div><div class="product"><a href="https://www.amazon.com/dp/B0994PG1ZD?tag=eloabder-20&linkCode=osi&th=1&psc=1"><img src="https://m.media-amazon.com/images/I/413er0A8cVS._SL500_.jpg" alt="Product Image"></a><p>NICEADA Car Air Freshener, Helicopter Solar Energy Rotating Aromatherapy Aviation Al Alloy Diffuser, Interior Decoration Accessories Diffuser for Car and Home (Silver)</p><p>$23.99</p><a href="https://www.amazon.com/dp/B0994PG1ZD?tag=eloabder-20&linkCode=osi&th=1&psc=1">View Product</a></div><div class="product"><a href="https://www.amazon.com/dp/B09ZTMZKSJ?tag=eloabder-20&linkCode=osi&th=1&psc=1"><img src="https://m.media-amazon.com/images/I/41rz5PydC9L._SL500_.jpg" alt="Product Image"></a><p>Air Freshener, Gigicloud Car Fragrance Diffuser Solar Rotating Automotive Air Fresheners Ornament Helicopter Shape Solid Aromatherapy Decoration for Car and Home (Black)</p><p>$15.49</p><a href="https://www.amazon.com/dp/B09ZTMZKSJ?tag=eloabder-20&linkCode=osi&th=1&psc=1">View Product</a></div><div class="product"><a href="https://www.amazon.com/dp/B0CWNNPCD3?tag=eloabder-20&linkCode=osi&th=1&psc=1"><img src="https://m.media-amazon.com/images/I/51nznnJJhfL._SL500_.jpg" alt="Product Image"></a><p>Car Air Freshener Diffuser, KaiDengZhe 1PCS Helicopter Solar Energy Rotating Aromatherapy Aviation Al Alloy Diffuser, Car Diffuser for Essential Oils, Relieve Stress and Purifie Odors for Car and Home</p><p>$15.99</p><a href="https://www.amazon.com/dp/B0CWNNPCD3?tag=eloabder-20&linkCode=osi&th=1&psc=1">View Product</a></div><div class="product"><a href="https://www.amazon.com/dp/B0B8T47G65?tag=eloabder-20&linkCode=osi&th=1&psc=1"><img src="https://m.media-amazon.com/images/I/41d6cgVheqL._SL500_.jpg" alt="Product Image"></a><p>Joyfunky Car Air Fresheners with Solar Rotating, Creative Car Perfume Decoration, Relieve Stress and Purifie Odors, Use at Car, office and Home, Silver</p><p>$12.99</p><a href="https://www.amazon.com/dp/B0B8T47G65?tag=eloabder-20&linkCode=osi&th=1&psc=1">View Product</a></div><div class="product"><a href="https://www.amazon.com/dp/B0D4ZHJVK8?tag=eloabder-20&linkCode=osi&th=1&psc=1"><img src="https://m.media-amazon.com/images/I/41sEhsjtb4L._SL500_.jpg" alt="Product Image"></a><p>NICEADA Helicopter Solar Car Air Freshener Refill Set, Solar Essential Oil Refill Perfume Oil for Car Air Fresheners(4 Packs)</p><p>$21.99 ($24.99 / Fl Oz)</p><a href="https://www.amazon.com/dp/B0D4ZHJVK8?tag=eloabder-20&linkCode=osi&th=1&psc=1">View Product</a></div><div class="product"><a href="https://www.amazon.com/dp/B0D251XW47?tag=eloabder-20&linkCode=osi&th=1&psc=1"><img src="https://m.media-amazon.com/images/I/41x6lmNq9fL._SL500_.jpg" alt="Product Image"></a><p>Helicopter Car Air Fresheners with Solar Rotating, Creative Car Perfume Decoration, Car Airplane Fragrance Diffuser for Car, Home, Office (Silver)</p><p>$13.09</p><a href="https://www.amazon.com/dp/B0D251XW47?tag=eloabder-20&linkCode=osi&th=1&psc=1">View Product</a></div>

<div class="product"><a href="https://www.amazon.com/dp/B0D4154TQG?tag=eloabder-20&linkCode=osi&th=1&psc=1"><img src="https://m.media-amazon.com/images/I/217Iw-nO3UL._SL500_.jpg" alt="Product Image"></a><p>RV Curtain Glide Tape A115, 1/2 Inch Glides Clear RV Curtain Strip Curtain Slide Tape 72 Inches Long Use with Ceiling or Wall Mount Curtain Track A201 A202 (2 Pack)</p><p>$17.99</p><a href="https://www.amazon.com/dp/B0D4154TQG?tag=eloabder-20&linkCode=osi&th=1&psc=1">View Product</a></div>
<div class="product"><a href="https://www.amazon.com/dp/B08W4PQN8L?tag=eloabder-20&linkCode=osi&th=1&psc=1"><img src="https://m.media-amazon.com/images/I/41udmrd6QTL._SL500_.jpg" alt="Product Image"></a><p>Hot Air Balloon Novelty Air Freshener for Car - Sandalwood Scented Automotive Accessory New Mexico Souvenir Gift (Pack of 4)</p><p>$7.99 ($2.00 / Count)</p><a href="https://www.amazon.com/dp/B08W4PQN8L?tag=eloabder-20&linkCode=osi&th=1&psc=1">View Product</a></div>















<div class="product"><a href="https://www.amazon.com/dp/B0CP87K2VD?tag=eloabder-20&linkCode=osi&th=1&psc=1"><img src="https://m.media-amazon.com/images/I/41dTH4OPkcL._SL500_.jpg" alt="Product Image"></a><p>For harley air cleaner filter Touring street glide road king electra tri trike Dyna Sportster XL 883 1200 Softail air intake (Drift style -Contrast Cut, C-For Touring 08-16, Softail 16-17)</p><p>$125.00</p><a href="https://www.amazon.com/dp/B0CP87K2VD?tag=eloabder-20&linkCode=osi&th=1&psc=1">View Product</a></div><div class="product"><a href="https://www.amazon.com/dp/B08DNLNY3G?tag=eloabder-20&linkCode=osi&th=1&psc=1"><img src="https://m.media-amazon.com/images/I/51baNj3o8CL._SL500_.jpg" alt="Product Image"></a><p>2963308 HD1508 Ultra Classic Air Filter Cleaner for 2008-2014 Harley Davidson Street Glide, Electra Glide, Road King, Road Glide Custom, Ultra Classic and other select models HD-1508</p><p>$21.99</p><a href="https://www.amazon.com/dp/B08DNLNY3G?tag=eloabder-20&linkCode=osi&th=1&psc=1">View Product</a></div><div class="product"><a href="https://www.amazon.com/dp/B0CQ2KKC3N?tag=eloabder-20&linkCode=osi&th=1&psc=1"><img src="https://m.media-amazon.com/images/I/31W2a0gAwIL._SL500_.jpg" alt="Product Image"></a><p>High-Flo Replacement Air Filter Element For Ventilator - Milwaukee-Eight Engine '18-later Softail and '17-later Touring and Trike Models Equipped with 114 Air Cleaner</p><p>$39.99</p><a href="https://www.amazon.com/dp/B0CQ2KKC3N?tag=eloabder-20&linkCode=osi&th=1&psc=1">View Product</a></div><div class="product"><a href="https://www.amazon.com/dp/B0CPJ5BSGM?tag=eloabder-20&linkCode=osi&th=1&psc=1"><img src="https://m.media-amazon.com/images/I/41cUadnGKpL._SL500_.jpg" alt="Product Image"></a><p>For harley air cleaner filter sportster street road glide king for harley davidson motorcycle air intake (Nake style -Black, A-For Sportster XL models)</p><p>$169.00</p><a href="https://www.amazon.com/dp/B0CPJ5BSGM?tag=eloabder-20&linkCode=osi&th=1&psc=1">View Product</a></div><div class="product"><a href="https://www.amazon.com/dp/B0CR17NS1M?tag=eloabder-20&linkCode=osi&th=1&psc=1"><img src="https://m.media-amazon.com/images/I/41n57oM0A-L._SL500_.jpg" alt="Product Image"></a><p>For harley air cleaner filter Sportster Softail Touring street road king glide Dyna for harley davidson air intake filters (Speed 7 style -gray filter, C-For Touring 08-16, Softail 16-17)</p><p>$89.00</p><a href="https://www.amazon.com/dp/B0CR17NS1M?tag=eloabder-20&linkCode=osi&th=1&psc=1">View Product</a></div><div class="product"><a href="https://www.amazon.com/dp/B0CR167HDN?tag=eloabder-20&linkCode=osi&th=1&psc=1"><img src="https://m.media-amazon.com/images/I/41o4byfzbRL._SL500_.jpg" alt="Product Image"></a><p>For harley davidson air cleaner filter sportster Touring street glide road king electra Dyna Softail motorcycle air intake (Chromed- gray filter, C-For Touring 2008-2016)</p><p>$99.00</p><a href="https://www.amazon.com/dp/B0CR167HDN?tag=eloabder-20&linkCode=osi&th=1&psc=1">View Product</a></div>







<div class="product"><a href="https://www.amazon.com/dp/B08WH8CWDM?tag=eloabder-20&linkCode=osi&th=1&psc=1"><img src="https://m.media-amazon.com/images/I/41Jj3ouB+1L._SL500_.jpg" alt="Product Image"></a><p>Glaze 'N Seal Color Enhancer Paver Sealer, 1 Gallon (923)</p><p>$62.99</p><a href="https://www.amazon.com/dp/B08WH8CWDM?tag=eloabder-20&linkCode=osi&th=1&psc=1">View Product</a></div>

<div class="product"><a href="https://www.amazon.com/dp/B0B58G8WRX?tag=eloabder-20&linkCode=osi&th=1&psc=1"><img src="https://m.media-amazon.com/images/I/41hjxJMTGJL._SL500_.jpg" alt="Product Image"></a><p>Solarhome Air Filter 333-D2696 333D2696 Compatible with JCB Backhoe Loader 3CX 4CX Telehandler 531-70</p><p>$34.50</p><a href="https://www.amazon.com/dp/B0B58G8WRX?tag=eloabder-20&linkCode=osi&th=1&psc=1">View Product</a></div>




<div class="product"><a href="https://www.amazon.com/dp/B07G7XG6BV?tag=eloabder-20&linkCode=osi&th=1&psc=1"><img src="https://m.media-amazon.com/images/I/510tZGutn6L._SL500_.jpg" alt="Product Image"></a><p>Holikme 6Pack Cleaning Brush Power Scrubber Cleaning Brush Extended Long Attachment Set All Purpose Scrub Brushes Kit for Grout, Floor, Tub, Shower, Tile, Bathroom,Car Cleaning Brush，Yellow</p><p>$6.95</p><a href="https://www.amazon.com/dp/B07G7XG6BV?tag=eloabder-20&linkCode=osi&th=1&psc=1">View Product</a></div>



<div class="product"><a href="https://www.amazon.com/dp/B000FW2NWQ?tag=eloabder-20&linkCode=osi&th=1&psc=1"><img src="https://m.media-amazon.com/images/I/31VlBDw7uDL._SL500_.jpg" alt="Product Image"></a><p>Performance Tool W233 12-Inch Long Reach Extension Scraper with 3pc Double Edged Plastic Razor Scraper Blades and 3pc Carbon Steel Razor Scraper Blades</p><p>$10.31</p><a href="https://www.amazon.com/dp/B000FW2NWQ?tag=eloabder-20&linkCode=osi&th=1&psc=1">View Product</a></div>
<div class="product"><a href="https://www.amazon.com/dp/B0BV2CQ5SW?tag=eloabder-20&linkCode=osi&th=1&psc=1"><img src="https://m.media-amazon.com/images/I/51VkTDjGg4L._SL500_.jpg" alt="Product Image"></a><p>Filterelated Mixed Bed Deionized Di Resin Filter Fill, Suitable For Spotless Car Wash System Filter Change, Tds Filter, Aquarium Filter, Deionized Car Wash,5 Liters</p><p>$49.99</p><a href="https://www.amazon.com/dp/B0BV2CQ5SW?tag=eloabder-20&linkCode=osi&th=1&psc=1">View Product</a></div><div class="product"><a href="https://www.amazon.com/dp/B01MRVQ9UE?tag=eloabder-20&linkCode=osi&th=1&psc=1"><img src="https://m.media-amazon.com/images/I/51+i6fjU6tL._SL500_.jpg" alt="Product Image"></a><p>Husqvarna XP Pre-Mixed Fuel and Engine Oil Quart (3 Pack),Blue</p><p>$32.99 ($0.34 / Count)</p><a href="https://www.amazon.com/dp/B01MRVQ9UE?tag=eloabder-20&linkCode=osi&th=1&psc=1">View Product</a></div>




<div class="product"><a href="https://www.amazon.com/dp/B01N2G2NEJ?tag=eloabder-20&linkCode=osi&th=1&psc=1"><img src="https://m.media-amazon.com/images/I/41-5g4zEDpL._SL500_.jpg" alt="Product Image"></a><p>Chemical Guys SPI10816 Heavy Duty Water Spot Remover, Safe for Cars, Trucks, Motorcycles, RVs & More, 16 fl oz</p><p>$17.97 ($1.12 / Fl Oz)</p><a href="https://www.amazon.com/dp/B01N2G2NEJ?tag=eloabder-20&linkCode=osi&th=1&psc=1">View Product</a></div>









<div class="product"><a href="https://www.amazon.com/dp/B08YRVH2QV?tag=eloabder-20&linkCode=osi&th=1&psc=1"><img src="https://m.media-amazon.com/images/I/5164O-Jr2QL._SL500_.jpg" alt="Product Image"></a><p>Thetford AquaMAX Summer Cypress Scent RV Holding Tank Treatment, Formaldehyde Free, Waste Digester, Septic Tank Safe, 5 Gallon Bottle (96754)</p><p>$248.18</p><a href="https://www.amazon.com/dp/B08YRVH2QV?tag=eloabder-20&linkCode=osi&th=1&psc=1">View Product</a></div><div class="product"><a href="https://www.amazon.com/dp/B0BPMW7485?tag=eloabder-20&linkCode=osi&th=1&psc=1"><img src="https://m.media-amazon.com/images/I/51WNuQeew7L._SL500_.jpg" alt="Product Image"></a><p>XFasten Butyl Tape Black 1/2” x 30’ x 1/8" Butyl Sealant Tape Headlight Sealant Putty Tape | Black Butyl Caulking Tape | Butyl Tape RV Putty Tape EPDM Automotive Butyl Rubber Window Sealant for RV</p><p>$13.99 ($0.47 / Foot)</p><a href="https://www.amazon.com/dp/B0BPMW7485?tag=eloabder-20&linkCode=osi&th=1&psc=1">View Product</a></div>
<div class="product"><a href="https://www.amazon.com/dp/B006DXWZQU?tag=eloabder-20&linkCode=osi&th=1&psc=1"><img src="https://m.media-amazon.com/images/I/41wtqfFFfQL._SL500_.jpg" alt="Product Image"></a><p>FRAM Ultra Synthetic Automotive Replacement Oil Filter, Designed for Synthetic Oil Changes Lasting up to 20k Miles, XG10575 with SureGrip (Pack of 1)</p><p>$10.79</p><a href="https://www.amazon.com/dp/B006DXWZQU?tag=eloabder-20&linkCode=osi&th=1&psc=1">View Product</a></div><div class="product"><a href="https://www.amazon.com/dp/B01LH7L0XA?tag=eloabder-20&linkCode=osi&th=1&psc=1"><img src="https://m.media-amazon.com/images/I/41yD3QmbyZL._SL500_.jpg" alt="Product Image"></a><p>Shell Rotella T4 Triple Protection Conventional 15W-40 Diesel Engine Oil (1-Gallon, Single Pack)</p><p>$15.98 ($0.12 / Fl Oz)</p><a href="https://www.amazon.com/dp/B01LH7L0XA?tag=eloabder-20&linkCode=osi&th=1&psc=1">View Product</a></div><div class="product"><a href="https://www.amazon.com/dp/B00ICSWGJ0?tag=eloabder-20&linkCode=osi&th=1&psc=1"><img src="https://m.media-amazon.com/images/I/41Ahz5dVc5L._SL500_.jpg" alt="Product Image"></a><p>Castrol Edge 5W-30 Advanced Full Synthetic Motor Oil, 5 Quarts</p><p>$24.72 ($0.15 / Fl Oz)</p><a href="https://www.amazon.com/dp/B00ICSWGJ0?tag=eloabder-20&linkCode=osi&th=1&psc=1">View Product</a></div><div class="product"><a href="https://www.amazon.com/dp/B01N8RPDT8?tag=eloabder-20&linkCode=osi&th=1&psc=1"><img src="https://m.media-amazon.com/images/I/41Qm+9e8sCL._SL500_.jpg" alt="Product Image"></a><p>Motorcraft - Oil - Engine (XO10W305Q3SD)</p><p>$32.27</p><a href="https://www.amazon.com/dp/B01N8RPDT8?tag=eloabder-20&linkCode=osi&th=1&psc=1">View Product</a></div>
<div class="product"><a href="https://www.amazon.com/dp/B07FTRZLM5?tag=eloabder-20&linkCode=osi&th=1&psc=1"><img src="https://m.media-amazon.com/images/I/416uoNYOsXL._SL500_.jpg" alt="Product Image"></a><p>Chemical Guys HOL126 14-Piece Arsenal Builder Car Wash Kit with Foam Gun, Bucket, and (5) 16 oz Car Care Cleaning Chemicals, Gift for Car & Truck Lovers, Dads and DIYers (Works w/Garden Hose)</p><p>$119.99</p><a href="https://www.amazon.com/dp/B07FTRZLM5?tag=eloabder-20&linkCode=osi&th=1&psc=1">View Product</a></div><div class="product"><a href="https://www.amazon.com/dp/B0741RL23Q?tag=eloabder-20&linkCode=osi&th=1&psc=1"><img src="https://m.media-amazon.com/images/I/410wwKZBYVL._SL500_.jpg" alt="Product Image"></a><p>Chemical Guys SPI220 Total Interior Cleaner and Protectant, Safe for Cars, Trucks, SUVs, Jeeps, Motorcycles, RVs & More, 128 fl oz (1 Gallon)</p><p>$54.99 ($0.43 / Fl Oz)</p><a href="https://www.amazon.com/dp/B0741RL23Q?tag=eloabder-20&linkCode=osi&th=1&psc=1">View Product</a></div><div class="product"><a href="https://www.amazon.com/dp/B002J7VX4Y?tag=eloabder-20&linkCode=osi&th=1&psc=1"><img src="https://m.media-amazon.com/images/I/41oijnffQ0L._SL500_.jpg" alt="Product Image"></a><p>Chemical Guys AIR_101_16 New Car Smell Premium Air Freshener and Odor Eliminator, Long-Lasting Scent, Great for Cars, Trucks, SUVs, RVs & More, 16 fl oz</p><p>$10.99 ($0.69 / Fl Oz)</p><a href="https://www.amazon.com/dp/B002J7VX4Y?tag=eloabder-20&linkCode=osi&th=1&psc=1">View Product</a></div><div class="product"><a href="https://www.amazon.com/dp/B077TPG55M?tag=eloabder-20&linkCode=osi&th=1&psc=1"><img src="https://m.media-amazon.com/images/I/51aYksYRthL._SL500_.jpg" alt="Product Image"></a><p>Chemical Guys CWS20264 Tough Mudder Foaming Truck, Off Road, ATV and RV Heavy Duty Wash Soap,(Works with Foam Cannons, Foam Guns or Bucket Washes), 64 fl oz (Half Gallon), Lemon Scent</p><p>$39.99 ($0.62 / Fl Oz)</p><a href="https://www.amazon.com/dp/B077TPG55M?tag=eloabder-20&linkCode=osi&th=1&psc=1">View Product</a></div><div class="product"><a href="https://www.amazon.com/dp/B00BJCAPEE?tag=eloabder-20&linkCode=osi&th=1&psc=1"><img src="https://m.media-amazon.com/images/I/416RIPKVW1L._SL500_.jpg" alt="Product Image"></a><p>Chemical Guys CWS_402 Mr. Pink Foaming Car Wash Soap (Works with Foam Cannons, Foam Guns or Bucket Washes) Safe for Cars, Trucks, Motorcycles, RVs & More, 128 fl oz, Candy Scent</p><p>$39.99 ($0.31 / Fl Oz)</p><a href="https://www.amazon.com/dp/B00BJCAPEE?tag=eloabder-20&linkCode=osi&th=1&psc=1">View Product</a></div><div class="product"><a href="https://www.amazon.com/dp/B01C6AISUK?tag=eloabder-20&linkCode=osi&th=1&psc=1"><img src="https://m.media-amazon.com/images/I/41FrDCDPB6S._SL500_.jpg" alt="Product Image"></a><p>Chemical Guys CLD_700_16 Mat Renew Rubber + Vinyl Floor Mat Cleaner And Protectant, Safe for Cars, Trucks, SUVs, Motorcycles, RVs & More, 16 fl oz</p><p>$10.99 ($0.69 / Fl Oz)</p><a href="https://www.amazon.com/dp/B01C6AISUK?tag=eloabder-20&linkCode=osi&th=1&psc=1">View Product</a></div><div class="product"><a href="https://www.amazon.com/dp/B01N76S0A7?tag=eloabder-20&linkCode=osi&th=1&psc=1"><img src="https://m.media-amazon.com/images/I/51jurhYPCgL._SL500_.jpg" alt="Product Image"></a><p>Chemical Guys HOL131 Premium Chenille Microfiber Car Wash Mop and Heavy Duty Extendable Pole Kit (Great for RVs, Trucks, SUVs, Jeeps & Large Vehicles), With Mr. Pink Foaming Car Wash Soap - 4 fl oz</p><p>$49.99</p><a href="https://www.amazon.com/dp/B01N76S0A7?tag=eloabder-20&linkCode=osi&th=1&psc=1">View Product</a></div><div class="product"><a href="https://www.amazon.com/dp/B009OTW646?tag=eloabder-20&linkCode=osi&th=1&psc=1"><img src="https://m.media-amazon.com/images/I/41lG36UqLBL._SL500_.jpg" alt="Product Image"></a><p>Chemical Guys CWS 110 Honeydew Snow Foam Car Wash Soap (Works with Foam Cannons, Guns or Bucket Washes) Safe for Trucks, Motorcycles, RVs & More, 128 fl oz (1 Gallon), Honeydew Scent</p><p>$39.99 ($0.31 / Fl Oz)</p><a href="https://www.amazon.com/dp/B009OTW646?tag=eloabder-20&linkCode=osi&th=1&psc=1">View Product</a></div><div class="product"><a href="https://www.amazon.com/dp/B08P54Z2C2?tag=eloabder-20&linkCode=osi&th=1&psc=1"><img src="https://m.media-amazon.com/images/I/41Ra65iS2OL._SL500_.jpg" alt="Product Image"></a><p>Chemical Guys WAC23316 HydroSpeed Ceramic Quick Detailer, Safe for Cars, Trucks, SUVs, Motorcycles, RVs & More, 16 fl oz</p><p>$24.99</p><a href="https://www.amazon.com/dp/B08P54Z2C2?tag=eloabder-20&linkCode=osi&th=1&psc=1">View Product</a></div>
<div class="product"><a href="https://www.amazon.com/dp/B0C7WLPQC7?tag=eloabder-20&linkCode=osi&th=1&psc=1"><img src="https://m.media-amazon.com/images/I/41hJeSxsSWL._SL500_.jpg" alt="Product Image"></a><p>Detail King Car Odor Removal - Chlorine Dioxide Cup - Extreme Odor Eliminator For Car - Safe And Easy To Use (3 Oz (Pack of 1) - Plastic)</p><p>$24.95 ($8.32 / Ounce)</p><a href="https://www.amazon.com/dp/B0C7WLPQC7?tag=eloabder-20&linkCode=osi&th=1&psc=1">View Product</a></div>

<div class="product"><a href="https://www.amazon.com/dp/B0052XFWCG?tag=eloabder-20&linkCode=osi&th=1&psc=1"><img src="https://m.media-amazon.com/images/I/41qajeJVXLL._SL500_.jpg" alt="Product Image"></a><p>Hot Shot's Secret HSS64Z Original Stiction Eliminator 64 Fluid Ounce Bottle, Green</p><p>$53.45 ($0.84 / Fl Oz)</p><a href="https://www.amazon.com/dp/B0052XFWCG?tag=eloabder-20&linkCode=osi&th=1&psc=1">View Product</a></div><div class="product"><a href="https://www.amazon.com/dp/B009M64CAW?tag=eloabder-20&linkCode=osi&th=1&psc=1"><img src="https://m.media-amazon.com/images/I/417D8X0nkBL._SL500_.jpg" alt="Product Image"></a><p>Lucas Oil 10679 Hot Rod & Classic Car SAE 10W-30 Motor Oil - 5 Quart</p><p>$38.50 ($0.24 / Fl Oz)</p><a href="https://www.amazon.com/dp/B009M64CAW?tag=eloabder-20&linkCode=osi&th=1&psc=1">View Product</a></div><div class="product"><a href="https://www.amazon.com/dp/B01L9ARY9O?tag=eloabder-20&linkCode=osi&th=1&psc=1"><img src="https://m.media-amazon.com/images/I/51yaZAYH75L._SL500_.jpg" alt="Product Image"></a><p>FPPF Chemical Co 00161 16 OZ HOT 4-in-1 Heating Oil Treatment (2 Bottles)</p><p>$26.42</p><a href="https://www.amazon.com/dp/B01L9ARY9O?tag=eloabder-20&linkCode=osi&th=1&psc=1">View Product</a></div><div class="product"><a href="https://www.amazon.com/dp/B009M64CUM?tag=eloabder-20&linkCode=osi&th=1&psc=1"><img src="https://m.media-amazon.com/images/I/41yiWaF8YQL._SL500_.jpg" alt="Product Image"></a><p>Lucas Oil 10683 Hot Rod & Classic Car SAE 10W-40 Motor Oil - 5 Quart</p><p>$43.24 ($0.27 / Fl Oz)</p><a href="https://www.amazon.com/dp/B009M64CUM?tag=eloabder-20&linkCode=osi&th=1&psc=1">View Product</a></div><div class="product"><a href="https://www.amazon.com/dp/B0973HNRH9?tag=eloabder-20&linkCode=osi&th=1&psc=1"><img src="https://m.media-amazon.com/images/I/41kyGGJa--L._SL500_.jpg" alt="Product Image"></a><p>Hot Shot's Secret FR3 Friction Reducer 64 Fluid Ounce 2 Quarts, Light Yellow Liquid, (HSSFR364Z)</p><p>$59.73 ($0.93 / Fl Oz)</p><a href="https://www.amazon.com/dp/B0973HNRH9?tag=eloabder-20&linkCode=osi&th=1&psc=1">View Product</a></div><div class="product"><a href="https://www.amazon.com/dp/B082YFQQ25?tag=eloabder-20&linkCode=osi&th=1&psc=1"><img src="https://m.media-amazon.com/images/I/511PTX7LlZL._SL500_.jpg" alt="Product Image"></a><p>Hot Shot's Secret Green Diamond 100 Percent Synthetic 15W40 Oil Diesel 1 Gallon</p><p>$39.99 ($0.31 / Fl Oz)</p><a href="https://www.amazon.com/dp/B082YFQQ25?tag=eloabder-20&linkCode=osi&th=1&psc=1">View Product</a></div>















<div class="product"><a href="https://www.amazon.com/dp/B08PTMXCJL?tag=eloabder-20&linkCode=osi&th=1&psc=1"><img src="https://m.media-amazon.com/images/I/410eJv-7UHL._SL500_.jpg" alt="Product Image"></a><p>Moly Grease | 3% Molybdenum Disulfide | Fifth Wheel | 5th | Automotive | Tractor | Axle | Spline | CV Joint | Lithium EP Grease | High Temp | 35 LB Pail Bucket | Black Moly | NLGI 2 | HeavyDuty Moly</p><p>$174.99 ($0.31 / Ounce)</p><a href="https://www.amazon.com/dp/B08PTMXCJL?tag=eloabder-20&linkCode=osi&th=1&psc=1">View Product</a></div><div class="product"><a href="https://www.amazon.com/dp/B08PTHJTK5?tag=eloabder-20&linkCode=osi&th=1&psc=1"><img src="https://m.media-amazon.com/images/I/41VdMjJ38aL._SL500_.jpg" alt="Product Image"></a><p>Wheel Bearing Grease Pail | Lithium Complex | High Temp EP | CV Joint | Axle | Automotive | Tractor | Truck | Ball Joint | Marine Boat | Gear | Heavy Duty | Blue | 35 LB Bucket | NLGI 2 | MultiPurpose</p><p>$167.99 ($0.30 / Ounce)</p><a href="https://www.amazon.com/dp/B08PTHJTK5?tag=eloabder-20&linkCode=osi&th=1&psc=1">View Product</a></div><div class="product"><a href="https://www.amazon.com/dp/B0013J1UA6?tag=eloabder-20&linkCode=osi&th=1&psc=1"><img src="https://m.media-amazon.com/images/I/41G0Fkf7KnL._SL500_.jpg" alt="Product Image"></a><p>CRC Food Grade Chain Lube 03055 – 12 Wt. Oz. Aerosol, NSF H1 Gear, Chain, and Wire Lubricant</p><p>$19.25 ($1.60 / Ounce)</p><a href="https://www.amazon.com/dp/B0013J1UA6?tag=eloabder-20&linkCode=osi&th=1&psc=1">View Product</a></div>





<div class="product"><a href="https://www.amazon.com/dp/B08GQ9G2V5?tag=eloabder-20&linkCode=osi&th=1&psc=1"><img src="https://m.media-amazon.com/images/I/511+rapOlWL._SL500_.jpg" alt="Product Image"></a><p>Armor All Car Air Freshener and Purifier, Car Odor Eliminator, 1.5 Ounce (Pack of 3)</p><p>$21.21 ($4.71 / Ounce)</p><a href="https://www.amazon.com/dp/B08GQ9G2V5?tag=eloabder-20&linkCode=osi&th=1&psc=1">View Product</a></div>







<div class="product"><a href="https://www.amazon.com/dp/B001229JCU?tag=eloabder-20&linkCode=osi&th=1&psc=1"><img src="https://m.media-amazon.com/images/I/31W6FuKPMcL._SL500_.jpg" alt="Product Image"></a><p>First Alert EZ Fire Spray, Extinguishing Aerosol Spray, AF400 Red 18 Ounce (Pack of 1)</p><p>$12.49</p><a href="https://www.amazon.com/dp/B001229JCU?tag=eloabder-20&linkCode=osi&th=1&psc=1">View Product</a></div><div class="product"><a href="https://www.amazon.com/dp/B002U0KGDY?tag=eloabder-20&linkCode=osi&th=1&psc=1"><img src="https://m.media-amazon.com/images/I/51p6R+mcRhL._SL500_.jpg" alt="Product Image"></a><p>First Alert EZ Fire Spray, Extinguishing Aerosol Spray, Pack of 2, AF400-2, RED</p><p>$27.02</p><a href="https://www.amazon.com/dp/B002U0KGDY?tag=eloabder-20&linkCode=osi&th=1&psc=1">View Product</a></div>
<div class="product"><a href="https://www.amazon.com/dp/B0088LVBUQ?tag=eloabder-20&linkCode=osi&th=1&psc=1"><img src="https://m.media-amazon.com/images/I/31h7l-l6u2L._SL500_.jpg" alt="Product Image"></a><p>Seymour EN-59 Hi-Tech Engine Spray Paint, General Motors Red</p><p>$9.08 ($0.76 / Ounce)</p><a href="https://www.amazon.com/dp/B0088LVBUQ?tag=eloabder-20&linkCode=osi&th=1&psc=1">View Product</a></div>




<div class="product"><a href="https://www.amazon.com/dp/B000HBNU9K?tag=eloabder-20&linkCode=osi&th=1&psc=1"><img src="https://m.media-amazon.com/images/I/41URzfKaVsL._SL500_.jpg" alt="Product Image"></a><p>Permatex 27828 Body Shop Heavy Duty Headliner Adhesive, High-Strength Spray Adhesive, Repair Detached Or Loose Interior Parts, Dries Clear, Aerosol Can, 16.75 Oz</p><p>$17.05 ($1.02 / Ounce)</p><a href="https://www.amazon.com/dp/B000HBNU9K?tag=eloabder-20&linkCode=osi&th=1&psc=1">View Product</a></div><div class="product"><a href="https://www.amazon.com/dp/B001VXXEXU?tag=eloabder-20&linkCode=osi&th=1&psc=1"><img src="https://m.media-amazon.com/images/I/5112onMwzaL._SL500_.jpg" alt="Product Image"></a><p>Vibra-TITE 213 Red VC-3 Original Threadmate, 250ml Can</p><p>$99.19</p><a href="https://www.amazon.com/dp/B001VXXEXU?tag=eloabder-20&linkCode=osi&th=1&psc=1">View Product</a></div><div class="product"><a href="https://www.amazon.com/dp/B0CWPSLTR1?tag=eloabder-20&linkCode=osi&th=1&psc=1"><img src="https://m.media-amazon.com/images/I/31ytleZjjaL._SL500_.jpg" alt="Product Image"></a><p>P & S PROFESSIONAL DETAIL PRODUCTS - Terminator Enzyme Spot and Stain Remover - Perfect for Deodorizing, Removing Embedded Soils, Grease, Dirt, and Protein-Based Stains; Fresh Scent (1 Quart)</p><p>$25.95 ($0.81 / Fl Oz)</p><a href="https://www.amazon.com/dp/B0CWPSLTR1?tag=eloabder-20&linkCode=osi&th=1&psc=1">View Product</a></div><div class="product"><a href="https://www.amazon.com/dp/B07GFNQL9H?tag=eloabder-20&linkCode=osi&th=1&psc=1"><img src="https://m.media-amazon.com/images/I/41AA3Nbt8OL._SL500_.jpg" alt="Product Image"></a><p>Gunk FEB1 Foamy Engine Brite Engine Cleaner - 17oz. 2 Pack</p><p>$17.95 ($0.53 / Ounce)</p><a href="https://www.amazon.com/dp/B07GFNQL9H?tag=eloabder-20&linkCode=osi&th=1&psc=1">View Product</a></div>



<div class="product"><a href="https://www.amazon.com/dp/B003SKCARK?tag=eloabder-20&linkCode=osi&th=1&psc=1"><img src="https://m.media-amazon.com/images/I/41rvU5irgRL._SL500_.jpg" alt="Product Image"></a><p>Obenauf's Heavy Duty LP Leather Preservative (4oz)- All Natural Beeswax Oil Conditioner- Rejuvenate Restore & Preserve Sunfaded or Cracked Boots Jackets Saddles Car Auto Upholstery Furniture- USA Made</p><p>$15.99</p><a href="https://www.amazon.com/dp/B003SKCARK?tag=eloabder-20&linkCode=osi&th=1&psc=1">View Product</a></div>
Aucun résultat trouvé.

<div class="product"><a href="https://www.amazon.com/dp/B0CLWDDWHX?tag=eloabder-20&linkCode=osi&th=1&psc=1"><img src="https://m.media-amazon.com/images/I/51HPMtia03L._SL500_.jpg" alt="Product Image"></a><p>Fire Fix Fire Extinguisher for Home 5-Pack | Made in USA | Emergency Fire Spray Foam for Apartment, Boat, Camping, Car, House, Kitchen & Vehicle | Safety & Survival | Compact, Small, Safe & Easy Use</p><p>$56.95</p><a href="https://www.amazon.com/dp/B0CLWDDWHX?tag=eloabder-20&linkCode=osi&th=1&psc=1">View Product</a></div><div class="product"><a href="https://www.amazon.com/dp/B0CKZF9H3D?tag=eloabder-20&linkCode=osi&th=1&psc=1"><img src="https://m.media-amazon.com/images/I/41+Q4YdByuL._SL500_.jpg" alt="Product Image"></a><p>Firexo All Fires Fire Extinguisher - Multipurpose Mini Aerosol - Pack of 6 - Home, Kitchen, Car, Garage, Boat, Caravan, Camping Household, ABC, Vehicle, Compact, RV, Emergency Equipment (0.1 Gal)</p><p>$139.99</p><a href="https://www.amazon.com/dp/B0CKZF9H3D?tag=eloabder-20&linkCode=osi&th=1&psc=1">View Product</a></div>
Aucun résultat trouvé.
Aucun résultat trouvé.






<div class="product"><a href="https://www.amazon.com/dp/B00FOKOKMU?tag=eloabder-20&linkCode=osi&th=1&psc=1"><img src="https://m.media-amazon.com/images/I/41KsUW-6WOL._SL500_.jpg" alt="Product Image"></a><p>The Original Leather Recoloring Balm by Furniture Clinic - 16 Colors - Leather Repair Kit for Furniture - Restore Couches, Car Seats & More - Leather Dye for Scratched and Faded Leather (Beige)</p><p>$29.95</p><a href="https://www.amazon.com/dp/B00FOKOKMU?tag=eloabder-20&linkCode=osi&th=1&psc=1">View Product</a></div>


<div class="product"><a href="https://www.amazon.com/dp/B0BQX6CPLS?tag=eloabder-20&linkCode=osi&th=1&psc=1"><img src="https://m.media-amazon.com/images/I/51OtuHOIJpL._SL500_.jpg" alt="Product Image"></a><p>Dry Stop Fire Spray by Prepared Hero - 8 Pack - Portable Fire Extinguisher for Home, Car, Garage, Kitchen - Works on Electrical, Grease, Battery Fires & More - Compact, Easy to Use</p><p>$143.99</p><a href="https://www.amazon.com/dp/B0BQX6CPLS?tag=eloabder-20&linkCode=osi&th=1&psc=1">View Product</a></div><div class="product"><a href="https://www.amazon.com/dp/B0BQX76B9K?tag=eloabder-20&linkCode=osi&th=1&psc=1"><img src="https://m.media-amazon.com/images/I/51iHCSuHw5L._SL500_.jpg" alt="Product Image"></a><p>Vapor Clean Fire Spray by Prepared Hero - 8 Pack - Portable Fire Extinguisher for Home, Car, Garage, Kitchen - Works on Electrical, Grease, Battery Fires & More - Compact, Easy to Use</p><p>$143.99</p><a href="https://www.amazon.com/dp/B0BQX76B9K?tag=eloabder-20&linkCode=osi&th=1&psc=1">View Product</a></div><div class="product"><a href="https://www.amazon.com/dp/B0C32NVZJZ?tag=eloabder-20&linkCode=osi&th=1&psc=1"><img src="https://m.media-amazon.com/images/I/61coxTM3mSL._SL500_.jpg" alt="Product Image"></a><p>Houandg Water-Based Fire Extinguisher- 2 Pack Portable Solution for All Fire Types in Homes, Vehicles, Kitchens - Prevents Re-Ignition</p><p>$33.98</p><a href="https://www.amazon.com/dp/B0C32NVZJZ?tag=eloabder-20&linkCode=osi&th=1&psc=1">View Product</a></div>
<div class="product"><a href="https://www.amazon.com/dp/B00L3W1OAO?tag=eloabder-20&linkCode=osi&th=1&psc=1"><img src="https://m.media-amazon.com/images/I/414uILMLuaL._SL500_.jpg" alt="Product Image"></a><p>Pro F/X Rubber Mask Grease Wheel - 1 Ounce - Trauma</p><p>$27.01</p><a href="https://www.amazon.com/dp/B00L3W1OAO?tag=eloabder-20&linkCode=osi&th=1&psc=1">View Product</a></div>
<div class="product"><a href="https://www.amazon.com/dp/B0CZ16SHCH?tag=eloabder-20&linkCode=osi&th=1&psc=1"><img src="https://m.media-amazon.com/images/I/31pYxaz4gYL._SL500_.jpg" alt="Product Image"></a><p>P & S PROFESSIONAL DETAIL PRODUCTS - Rehab - Paint Correction Creme Safe for All Paint Types and with Multiple pad Types - Easy-to-use-Formula Works at Any Stage of Paint Correction - 1 Quart</p><p>$56.95</p><a href="https://www.amazon.com/dp/B0CZ16SHCH?tag=eloabder-20&linkCode=osi&th=1&psc=1">View Product</a></div><div class="product"><a href="https://www.amazon.com/dp/B082BG8HLX?tag=eloabder-20&linkCode=osi&th=1&psc=1"><img src="https://m.media-amazon.com/images/I/31OAXbv7QFL._SL500_.jpg" alt="Product Image"></a><p>Lithium Auto Elixirs Color Crush- A rather intense approach to an Instant Detailer, Infused with color enhancing technology - Extremely Hydrophobic ingredients, long lasting Instant Detailer</p><p>$19.95 ($1.25 / Fl Oz)</p><a href="https://www.amazon.com/dp/B082BG8HLX?tag=eloabder-20&linkCode=osi&th=1&psc=1">View Product</a></div><div class="product"><a href="https://www.amazon.com/dp/B07MTPWZ76?tag=eloabder-20&linkCode=osi&th=1&psc=1"><img src="https://m.media-amazon.com/images/I/41v5yubrqoL._SL500_.jpg" alt="Product Image"></a><p>Lithium Seal and Squeal Paint Sealant/Polish - Incredible Shine and Lasting Protection - Curable Amino Functional Polymers Fused with Si02 Ceramic Nano Technology -Lasts for up to 12 Months (16 oz)</p><p>$39.99 ($2.50 / Ounce)</p><a href="https://www.amazon.com/dp/B07MTPWZ76?tag=eloabder-20&linkCode=osi&th=1&psc=1">View Product</a></div><div class="product"><a href="https://www.amazon.com/dp/B07MVNX377?tag=eloabder-20&linkCode=osi&th=1&psc=1"><img src="https://m.media-amazon.com/images/I/31gEqFf7rhL._SL500_.jpg" alt="Product Image"></a><p>Leather Love - The Best Leather Conditioner On The Planet, Brings Old Leather Back To Life, All Natural Ingredients Mixed With Serious Science, Restores, Rehydrates, Protects (8oz)</p><p>$28.99 ($3.62 / Ounce)</p><a href="https://www.amazon.com/dp/B07MVNX377?tag=eloabder-20&linkCode=osi&th=1&psc=1">View Product</a></div><div class="product"><a href="https://www.amazon.com/dp/B07MTQP514?tag=eloabder-20&linkCode=osi&th=1&psc=1"><img src="https://m.media-amazon.com/images/I/311IYwH-oaL._SL500_.jpg" alt="Product Image"></a><p>Trim Serum- Plastic Restorer- Restores Even the Most Damaged Plastic, Rubber and Vinyl, Last For Months, Penetrates Plastic Pores Restoring Color. (16 Oz)</p><p>$36.99</p><a href="https://www.amazon.com/dp/B07MTQP514?tag=eloabder-20&linkCode=osi&th=1&psc=1">View Product</a></div><div class="product"><a href="https://www.amazon.com/dp/B07236X7TS?tag=eloabder-20&linkCode=osi&th=1&psc=1"><img src="https://m.media-amazon.com/images/I/51-mgxYD9kL._SL500_.jpg" alt="Product Image"></a><p>Skidmore's Biker Edition Leather Cream | All Natural Formula Cleans, Conditions, and Protects your Motorcycle | Made in USA</p><p>$44.98</p><a href="https://www.amazon.com/dp/B07236X7TS?tag=eloabder-20&linkCode=osi&th=1&psc=1">View Product</a></div><div class="product"><a href="https://www.amazon.com/dp/B001CS6HH4?tag=eloabder-20&linkCode=osi&th=1&psc=1"><img src="https://m.media-amazon.com/images/I/41wY0SB+DWL._SL500_.jpg" alt="Product Image"></a><p>Fiebing's Yellow Saddle Soap for Leather (3.5 oz Tin) - Leather Cleaner & Conditioner to Soften, Protect & Restore Leathercraft - Leather Soap for Car Seat, Couch, Shoe, Purse, Boot, Bag, & Saddles</p><p>$7.15 ($2.04 / Ounce)</p><a href="https://www.amazon.com/dp/B001CS6HH4?tag=eloabder-20&linkCode=osi&th=1&psc=1">View Product</a></div><div class="product"><a href="https://www.amazon.com/dp/B08RHZ1BKD?tag=eloabder-20&linkCode=osi&th=1&psc=1"><img src="https://m.media-amazon.com/images/I/21WKh31c4tL._SL500_.jpg" alt="Product Image"></a><p>Lithium Ignite After Wash - Conditions and Shines Surfaces as You Dry. Streak-Free Hydrophobic Formula adds Lubrication to Stop Micro Scratching While Surfaces pop with Color.</p><p>$21.99 ($1.37 / Fl Oz)</p><a href="https://www.amazon.com/dp/B08RHZ1BKD?tag=eloabder-20&linkCode=osi&th=1&psc=1">View Product</a></div><div class="product"><a href="https://www.amazon.com/dp/B0003A1T3E?tag=eloabder-20&linkCode=osi&th=1&psc=1"><img src="https://m.media-amazon.com/images/I/41042PKJ1ZL._SL500_.jpg" alt="Product Image"></a><p>URAD One step All-In-One Leather conditioner 140g - NEUTRAL</p><p>$16.13</p><a href="https://www.amazon.com/dp/B0003A1T3E?tag=eloabder-20&linkCode=osi&th=1&psc=1">View Product</a></div>

<div class="product"><a href="https://www.amazon.com/dp/B0B3NFH3QY?tag=eloabder-20&linkCode=osi&th=1&psc=1"><img src="https://m.media-amazon.com/images/I/51sKVZnP-WL._SL500_.jpg" alt="Product Image"></a><p>Little Joe 96427-6PK I Love Hockey New Car Scent Red Car Air Freshener A/C Vent Clip Uses Alcohol-Free Fragrance Oil is Non-Hazardous and Non-Toxic Plastic, Pack of 6</p><p>$21.99 ($3.66 / Count)</p><a href="https://www.amazon.com/dp/B0B3NFH3QY?tag=eloabder-20&linkCode=osi&th=1&psc=1">View Product</a></div><div class="product"><a href="https://www.amazon.com/dp/B072275K82?tag=eloabder-20&linkCode=osi&th=1&psc=1"><img src="https://m.media-amazon.com/images/I/41wDnF6SiAL._SL500_.jpg" alt="Product Image"></a><p>Little Joe 96404-6PK Fruit Scent, Car Air Freshener, Clips to A/C Air Vent, Alcohol-Free Fragrance Oil, Non-Hazardous and Non-Toxic Plastic, Set of 6</p><p>$16.60 ($2.77 / Count)</p><a href="https://www.amazon.com/dp/B072275K82?tag=eloabder-20&linkCode=osi&th=1&psc=1">View Product</a></div><div class="product"><a href="https://www.amazon.com/dp/B0CQPQ2S4W?tag=eloabder-20&linkCode=osi&th=1&psc=1"><img src="https://m.media-amazon.com/images/I/31iRknmvjeL._SL500_.jpg" alt="Product Image"></a><p>Little Pup 96613 Blue Raspberry Slushy Scent Car Air Freshener A/C Vent Clip Uses Alcohol-Free Fragrance Oil is Non Hazardous and Non Toxic, Pack of 1</p><p>$3.94</p><a href="https://www.amazon.com/dp/B0CQPQ2S4W?tag=eloabder-20&linkCode=osi&th=1&psc=1">View Product</a></div><div class="product"><a href="https://www.amazon.com/dp/B0CQPNMTM4?tag=eloabder-20&linkCode=osi&th=1&psc=1"><img src="https://m.media-amazon.com/images/I/41eEovL+zML._SL500_.jpg" alt="Product Image"></a><p>Little Joe 96414-6PK Orange Creamsicle Scent Car Air Freshener A/C Vent Clip Uses Alcohol-Free Fragrance Oil is Non-Hazardous and Non-Toxic Plastic, Pack of 6</p><p>$25.99 ($4.33 / Count)</p><a href="https://www.amazon.com/dp/B0CQPNMTM4?tag=eloabder-20&linkCode=osi&th=1&psc=1">View Product</a></div><div class="product"><a href="https://www.amazon.com/dp/B0CH9KNNZN?tag=eloabder-20&linkCode=osi&th=1&psc=1"><img src="https://m.media-amazon.com/images/I/41jX66PGMTL._SL500_.jpg" alt="Product Image"></a><p>TAKAVU Clay Bars Auto Detailing 2 Pack X 100g, Premium Grade Material, Magic Clay Bar Cleaner for Cars, RV, Boat and Bus (Grey)</p><p>$9.99</p><a href="https://www.amazon.com/dp/B0CH9KNNZN?tag=eloabder-20&linkCode=osi&th=1&psc=1">View Product</a></div>

<div class="product"><a href="https://www.amazon.com/dp/B004UM6DLE?tag=eloabder-20&linkCode=osi&th=1&psc=1"><img src="https://m.media-amazon.com/images/I/314nawyx6sL._SL500_.jpg" alt="Product Image"></a><p>CARPRO IronX Iron Remover: Stops Rust Spots and Pre-Mature Failure of The Clear Coat, Iron Contaminant Removal - 500mL with Sprayer (17oz)</p><p>$26.78</p><a href="https://www.amazon.com/dp/B004UM6DLE?tag=eloabder-20&linkCode=osi&th=1&psc=1">View Product</a></div><div class="product"><a href="https://www.amazon.com/dp/B01HXZXO98?tag=eloabder-20&linkCode=osi&th=1&psc=1"><img src="https://m.media-amazon.com/images/I/41Ne9OfQGzL._SL500_.jpg" alt="Product Image"></a><p>Chemical Guys CWS80316 Clean Slate Deep Surface Cleaning Car Wash Soap (Removes Old Car Waxes, Glazes & Sealants for Superior Surface Prep), 16 fl oz, Citrus Scent</p><p>$11.99 ($0.75 / Fl Oz)</p><a href="https://www.amazon.com/dp/B01HXZXO98?tag=eloabder-20&linkCode=osi&th=1&psc=1">View Product</a></div><div class="product"><a href="https://www.amazon.com/dp/B07C39H9YX?tag=eloabder-20&linkCode=osi&th=1&psc=1"><img src="https://m.media-amazon.com/images/I/31yK3Vb5xWL._SL500_.jpg" alt="Product Image"></a><p>Adam's Polishes Iron Remover (16oz) - Iron Out Fallout Rust Remover Spray for Car Detailing | Remove Iron Particles in Car Paint, Motorcycle, RV & Boat | Use Before Clay Bar, Car Wax or Car Wash</p><p>$16.99</p><a href="https://www.amazon.com/dp/B07C39H9YX?tag=eloabder-20&linkCode=osi&th=1&psc=1">View Product</a></div><div class="product"><a href="https://www.amazon.com/dp/B0BTJ9DJM5?tag=eloabder-20&linkCode=osi&th=1&psc=1"><img src="https://m.media-amazon.com/images/I/41tNMqlDrxL._SL500_.jpg" alt="Product Image"></a><p>Torque Detail Decon Wash Pack - Decontamination Soap 8oz + Wash Mitt - Surface Strip Wash Car Shampoo - Highly Absorbent Microfiber Chenille Car Wash Mitt Safely Cleans Your Vehicles Entire Surface</p><p>$24.95 ($3.12 / Fl Oz)</p><a href="https://www.amazon.com/dp/B0BTJ9DJM5?tag=eloabder-20&linkCode=osi&th=1&psc=1">View Product</a></div><div class="product"><a href="https://www.amazon.com/dp/B013K5V9PQ?tag=eloabder-20&linkCode=osi&th=1&psc=1"><img src="https://m.media-amazon.com/images/I/41V3rm6NlZL._SL500_.jpg" alt="Product Image"></a><p>CARPRO PolyShave Decon Towel - Car Detailing Clay Decontamination Faster than Clay Bar, Clean & Release of Paint Contaminants and Glass - Increase Wax and Sealant Bond - 12" x 12" (1 Pack)</p><p>$39.97</p><a href="https://www.amazon.com/dp/B013K5V9PQ?tag=eloabder-20&linkCode=osi&th=1&psc=1">View Product</a></div><div class="product"><a href="https://www.amazon.com/dp/B0B788NBWG?tag=eloabder-20&linkCode=osi&th=1&psc=1"><img src="https://m.media-amazon.com/images/I/51NDfAOuEmL._SL500_.jpg" alt="Product Image"></a><p>P & S Professional Detail Products - Clay Decontamination Towel - Effective Cleaning & Release of Paint Contaminants; Increase Wax & Sealant Bond; Enhance Gloss & Depth of Color; Fine Grade-12" x 12"</p><p>$34.95</p><a href="https://www.amazon.com/dp/B0B788NBWG?tag=eloabder-20&linkCode=osi&th=1&psc=1">View Product</a></div><div class="product"><a href="https://www.amazon.com/dp/B0B27TFK69?tag=eloabder-20&linkCode=osi&th=1&psc=1"><img src="https://m.media-amazon.com/images/I/41zJPQIcqeL._SL500_.jpg" alt="Product Image"></a><p>The Rag Company - Ultra Clay Decontamination Mitt - Easy to Use; Effective Cleaning & Release of Paint Contaminants; Increase Wax & Sealant Bond; Enhance Gloss &Color Depth; Fine Grade (8.7"x5.7")</p><p>$34.95</p><a href="https://www.amazon.com/dp/B0B27TFK69?tag=eloabder-20&linkCode=osi&th=1&psc=1">View Product</a></div><div class="product"><a href="https://www.amazon.com/dp/B0C6XBN14N?tag=eloabder-20&linkCode=osi&th=1&psc=1"><img src="https://m.media-amazon.com/images/I/31BSavOJ89L._SL500_.jpg" alt="Product Image"></a><p>3D Iron Remover GLW Series | DIY Car Detailing | Hyper Effective Wheel Decontamination | Removes Iron Particles, Dirt, Brake Dust | Rapid Results | Ultimate Iron & Surface Contaminate Eliminator, 16oz</p><p>$17.99</p><a href="https://www.amazon.com/dp/B0C6XBN14N?tag=eloabder-20&linkCode=osi&th=1&psc=1">View Product</a></div>







<div class="product"><a href="https://www.amazon.com/dp/B0D2SPCW3G?tag=eloabder-20&linkCode=osi&th=1&psc=1"><img src="https://m.media-amazon.com/images/I/41JYIg6xqqL._SL500_.jpg" alt="Product Image"></a><p>Crankcase Ventilation Oil Separator with Gasket Compatible for 2008-2014 Volvo Mack D13 D16 MP8 Engine Replace 21122541 20499419</p><p>$155.99</p><a href="https://www.amazon.com/dp/B0D2SPCW3G?tag=eloabder-20&linkCode=osi&th=1&psc=1">View Product</a></div>

<div class="product"><a href="https://www.amazon.com/dp/B0C6M2FHGX?tag=eloabder-20&linkCode=osi&th=1&psc=1"><img src="https://m.media-amazon.com/images/I/21wWRrpHdbL._SL500_.jpg" alt="Product Image"></a><p>eMagTech 9PCS Warning Sign Please No Smoking Vaping Food Drink Stickers 110x50mm Self-Adhesive Vinyl Window Decal for Car Taxis Buses Minibuses</p><p>$9.49</p><a href="https://www.amazon.com/dp/B0C6M2FHGX?tag=eloabder-20&linkCode=osi&th=1&psc=1">View Product</a></div>

Aucun résultat trouvé.

<div class="product"><a href="https://www.amazon.com/dp/B0CVWZZMRY?tag=eloabder-20&linkCode=osi&th=1&psc=1"><img src="https://m.media-amazon.com/images/I/512y-1GwQNL._SL500_.jpg" alt="Product Image"></a><p>Jewkot 4 PCS Car Wiper Strip, 28" Boneless Structure Car Windshield Cleaning Wiper Strip, DIY Length Auxiliary Cleaning Replacement Accessory, Suitable for Most Cars, Vans, Trucks, Buses (Black)</p><p>$5.58</p><a href="https://www.amazon.com/dp/B0CVWZZMRY?tag=eloabder-20&linkCode=osi&th=1&psc=1">View Product</a></div>
<div class="product"><a href="https://www.amazon.com/dp/B07L3VQC6W?tag=eloabder-20&linkCode=osi&th=1&psc=1"><img src="https://m.media-amazon.com/images/I/41GebP+2HYL._SL500_.jpg" alt="Product Image"></a><p>BRISA VW Collection Volkswagen Air Freshener, Room Freshener, Deodorizer for Cars T1 Bus Campervan Motif (Citrus/Yellow/Set of 2)</p><p>$13.90 ($6.95 / Count)</p><a href="https://www.amazon.com/dp/B07L3VQC6W?tag=eloabder-20&linkCode=osi&th=1&psc=1">View Product</a></div><div class="product"><a href="https://www.amazon.com/dp/B07L3V86JS?tag=eloabder-20&linkCode=osi&th=1&psc=1"><img src="https://m.media-amazon.com/images/I/41TblWhKhQL._SL500_.jpg" alt="Product Image"></a><p>BRISA VW Collection Volkswagen Air Freshener, Room Freshener, Deodorizer for Cars T1 Bus Campervan Motif (New Car/Green/Set of 2)</p><p>$13.90 ($6.95 / Count)</p><a href="https://www.amazon.com/dp/B07L3V86JS?tag=eloabder-20&linkCode=osi&th=1&psc=1">View Product</a></div>


Aucun résultat trouvé.










<div class="product"><a href="https://www.amazon.com/dp/B099HL5SV2?tag=eloabder-20&linkCode=osi&th=1&psc=1"><img src="https://m.media-amazon.com/images/I/31kcR8HnylL._SL500_.jpg" alt="Product Image"></a><p>Philips GoPure GP5212 High Performance HEPA Air Purifier for Car, Removes up to 100 Pollutants, Exhaust Fumes, VOCs, Smoke, Bad Odors, Bacteria and Viruses</p><p>$77.59</p><a href="https://www.amazon.com/dp/B099HL5SV2?tag=eloabder-20&linkCode=osi&th=1&psc=1">View Product</a></div><div class="product"><a href="https://www.amazon.com/dp/B07TB419F7?tag=eloabder-20&linkCode=osi&th=1&psc=1"><img src="https://m.media-amazon.com/images/I/41l9XK-u-eL._SL500_.jpg" alt="Product Image"></a><p>Enoch Ionic Car Air Purifier with Dual USB Car Charger. Car Air Freshener Eliminates Odor, Dust. Removes Smoke, Pet and Food Odor. Ionic Ozone Car Deodorizer (Matt Black)</p><p>$24.50</p><a href="https://www.amazon.com/dp/B07TB419F7?tag=eloabder-20&linkCode=osi&th=1&psc=1">View Product</a></div><div class="product"><a href="https://www.amazon.com/dp/B08C9LKKMM?tag=eloabder-20&linkCode=osi&th=1&psc=1"><img src="https://m.media-amazon.com/images/I/41uJDRzxfrL._SL500_.jpg" alt="Product Image"></a><p>4WDKING Car Air Purifier Ionizer, 12V Plug-in Car Air Freshener Gadgets with Dual USB Charger Removes Cigarette Smoke, Pet and Food Odor, Ionic Ozone (Black)</p><p>$22.99</p><a href="https://www.amazon.com/dp/B08C9LKKMM?tag=eloabder-20&linkCode=osi&th=1&psc=1">View Product</a></div><div class="product"><a href="https://www.amazon.com/dp/B07C7D366L?tag=eloabder-20&linkCode=osi&th=1&psc=1"><img src="https://m.media-amazon.com/images/I/51GvjMcOskL._SL500_.jpg" alt="Product Image"></a><p>Car Air Purifier Ionizer - 12V Plug-in Ionic Anti-Microbial Car Deodorizer with Dual USB Charger - Smoke Smell, Pet and Food Odors, Allergens, Viruses Eliminator for Car (Matte Silver)</p><p>$24.99</p><a href="https://www.amazon.com/dp/B07C7D366L?tag=eloabder-20&linkCode=osi&th=1&psc=1">View Product</a></div><div class="product"><a href="https://www.amazon.com/dp/B086H3FW7T?tag=eloabder-20&linkCode=osi&th=1&psc=1"><img src="https://m.media-amazon.com/images/I/51FfQTz4koL._SL500_.jpg" alt="Product Image"></a><p>bmbu 1000g Large Bamboo Charcoal Air Purifier Bag - Car Deodorizer/Car Freshener - Remove Odor and Control Moisture in Your RV, Camper, SUV, Car, Truck, Closet, Mobile Home, Storage - Non Fragrant</p><p>$22.99 ($0.65 / Ounce)</p><a href="https://www.amazon.com/dp/B086H3FW7T?tag=eloabder-20&linkCode=osi&th=1&psc=1">View Product</a></div><div class="product"><a href="https://www.amazon.com/dp/B019NXUJ5K?tag=eloabder-20&linkCode=osi&th=1&psc=1"><img src="https://m.media-amazon.com/images/I/31grLw6pdUL._SL500_.jpg" alt="Product Image"></a><p>PURGGO Car Air Freshener - Lasts 365+ Days No Chemicals 100% Activated Bamboo Charcoal Fragrance-Free Deodorizer, Natural Auto Odor Eliminator, Purifier, Neutralizer, Absorb Smoke Smell</p><p>$25.99</p><a href="https://www.amazon.com/dp/B019NXUJ5K?tag=eloabder-20&linkCode=osi&th=1&psc=1">View Product</a></div><div class="product"><a href="https://www.amazon.com/dp/B0CT5TBKH5?tag=eloabder-20&linkCode=osi&th=1&psc=1"><img src="https://m.media-amazon.com/images/I/41UB7n6FuwL._SL500_.jpg" alt="Product Image"></a><p>Timgle 1 Pack Car Air Freshener, Lasts 365+ Days, No Chemicals 100% Activated Bamboo Charcoal Fragrance, Free Deodorizer, Natural Auto Odor Eliminator, Purifier, Neutralizer (Khaki Strap)</p><p>$10.99</p><a href="https://www.amazon.com/dp/B0CT5TBKH5?tag=eloabder-20&linkCode=osi&th=1&psc=1">View Product</a></div><div class="product"><a href="https://www.amazon.com/dp/B00V4049K2?tag=eloabder-20&linkCode=osi&th=1&psc=1"><img src="https://m.media-amazon.com/images/I/51rLLMGOc6L._SL500_.jpg" alt="Product Image"></a><p>PURGGO Car Air Freshener - Auto Odor Eliminator - 100% Activated Bamboo Charcoal Air Purifier, Ionizer - Absorb and Remove Smoke Smell - Fragrance-Free Deodorizer - Lasts 365+ Days [Classic Beige]</p><p>$25.99</p><a href="https://www.amazon.com/dp/B00V4049K2?tag=eloabder-20&linkCode=osi&th=1&psc=1">View Product</a></div>








<div class="product"><a href="https://www.amazon.com/dp/B00RYGK12K?tag=eloabder-20&linkCode=osi&th=1&psc=1"><img src="https://m.media-amazon.com/images/I/51RdEyCkvuL._SL500_.jpg" alt="Product Image"></a><p>Little Trees Cardboard Hanging Car, Home & Office Air Freshener, Summer Linen (Pack of 12)</p><p>$11.82 ($0.98 / Count)</p><a href="https://www.amazon.com/dp/B00RYGK12K?tag=eloabder-20&linkCode=osi&th=1&psc=1">View Product</a></div><div class="product"><a href="https://www.amazon.com/dp/B00LM54ZD0?tag=eloabder-20&linkCode=osi&th=1&psc=1"><img src="https://m.media-amazon.com/images/I/41YuRNweefL._SL500_.jpg" alt="Product Image"></a><p>LITTLE TREES Air Fresheners Car Air Freshener. Hanging Tree Provides Long Lasting Scent for Auto or Home. Black Ice, 24 Air Fresheners</p><p>$20.19 ($0.84 / Count)</p><a href="https://www.amazon.com/dp/B00LM54ZD0?tag=eloabder-20&linkCode=osi&th=1&psc=1">View Product</a></div><div class="product"><a href="https://www.amazon.com/dp/B09BB4V1Y8?tag=eloabder-20&linkCode=osi&th=1&psc=1"><img src="https://m.media-amazon.com/images/I/51AKMdDLO-L._SL500_.jpg" alt="Product Image"></a><p>DRIVEJOY Car Air Freshener Vent Clips, 8 PK, 6 Ocean, 2 New Car Scent, Car Fresheners for Men Women, Up to 240 Days, Long Lasting Air Freshener for Car, Odor Eliminator</p><p>$9.98 ($9.60 / Fl Oz)</p><a href="https://www.amazon.com/dp/B09BB4V1Y8?tag=eloabder-20&linkCode=osi&th=1&psc=1">View Product</a></div><div class="product"><a href="https://www.amazon.com/dp/B078JWRLYT?tag=eloabder-20&linkCode=osi&th=1&psc=1"><img src="https://m.media-amazon.com/images/I/41shbIl-LEL._SL500_.jpg" alt="Product Image"></a><p>California Scents Air Freshener 4-Pack Car Air Freshener (Coronado Cherry)</p><p>$12.88 ($2.15 / Ounce)</p><a href="https://www.amazon.com/dp/B078JWRLYT?tag=eloabder-20&linkCode=osi&th=1&psc=1">View Product</a></div><div class="product"><a href="https://www.amazon.com/dp/B0CW4CJWW9?tag=eloabder-20&linkCode=osi&th=1&psc=1"><img src="https://m.media-amazon.com/images/I/417lKQ0MXPL._SL500_.jpg" alt="Product Image"></a><p>Karma, Essential Oil Air Freshener for Cars Set of 2, Home & Office - Colorful Decorative Hanging Air Freshener with Tassel, Buttercup Vanilla Scented</p><p>$8.40 ($4.20 / Count)</p><a href="https://www.amazon.com/dp/B0CW4CJWW9?tag=eloabder-20&linkCode=osi&th=1&psc=1">View Product</a></div><div class="product"><a href="https://www.amazon.com/dp/B00AYCXL2I?tag=eloabder-20&linkCode=osi&th=1&psc=1"><img src="https://m.media-amazon.com/images/I/5165h10nKbL._SL500_.jpg" alt="Product Image"></a><p>Febreze Car Air Fresheners, New Car Scent, Odor Eliminator for Strong Odors Car Vent Clips (2 Count)</p><p>$9.98 ($4.99 / Count)</p><a href="https://www.amazon.com/dp/B00AYCXL2I?tag=eloabder-20&linkCode=osi&th=1&psc=1">View Product</a></div><div class="product"><a href="https://www.amazon.com/dp/B01LZ0N1MJ?tag=eloabder-20&linkCode=osi&th=1&psc=1"><img src="https://m.media-amazon.com/images/I/41J5LJGof9L._SL500_.jpg" alt="Product Image"></a><p>LITTLE TREES Car Air Freshener | Hanging Paper Tree for Home or Car | New Car Scent | 12 Pack</p><p>$11.70 ($0.98 / Count)</p><a href="https://www.amazon.com/dp/B01LZ0N1MJ?tag=eloabder-20&linkCode=osi&th=1&psc=1">View Product</a></div><div class="product"><a href="https://www.amazon.com/dp/B0C2Q2VGPZ?tag=eloabder-20&linkCode=osi&th=1&psc=1"><img src="https://m.media-amazon.com/images/I/413gckSL1EL._SL500_.jpg" alt="Product Image"></a><p>Savage Disposable Card Freshener for Men | Car Scents Air Freshener with Sauvage Fragrance | Strong Car Perfume Air Freshener with Odour Eliminating Technology | Suvage by Perfa</p><p>$6.99</p><a href="https://www.amazon.com/dp/B0C2Q2VGPZ?tag=eloabder-20&linkCode=osi&th=1&psc=1">View Product</a></div>




<div class="product"><a href="https://www.amazon.com/dp/B06WVL7YSG?tag=eloabder-20&linkCode=osi&th=1&psc=1"><img src="https://m.media-amazon.com/images/I/51fO0NuM6nL._SL500_.jpg" alt="Product Image"></a><p>Meguiar's Quik Scratch Eraser Kit, Car Scratch Remover for Repairing Surface Blemishes, Car Care Kit with ScratchX, Drill-Mounted Pad, and Microfiber Towel, 3 Count</p><p>$17.97</p><a href="https://www.amazon.com/dp/B06WVL7YSG?tag=eloabder-20&linkCode=osi&th=1&psc=1">View Product</a></div><div class="product"><a href="https://www.amazon.com/dp/B00P67GSRG?tag=eloabder-20&linkCode=osi&th=1&psc=1"><img src="https://m.media-amazon.com/images/I/41R-vt8tcnL._SL500_.jpg" alt="Product Image"></a><p>Chemical Guys GAP_VKIT_16 V Line Polish and Compound Kit For Light to Heavy Swirls & Scratches (Safe for Cars, Trucks, SUVs, RVs, Motorcycles, & More) 4 - 16 fl oz Items</p><p>$69.99</p><a href="https://www.amazon.com/dp/B00P67GSRG?tag=eloabder-20&linkCode=osi&th=1&psc=1">View Product</a></div>
<div class="product"><a href="https://www.amazon.com/dp/B0BQ1CPLSQ?tag=eloabder-20&linkCode=osi&th=1&psc=1"><img src="https://m.media-amazon.com/images/I/41ikSNNgp5L._SL500_.jpg" alt="Product Image"></a><p>PROPER DETAILING CO. Car Detailing Kit Interior Cleaner, Get Professional Results - Car Interior Cleaning Kit includes 16 oz. interior cleaner, premium boars hair detail brush, and 2 microfiber towels</p><p>$23.99</p><a href="https://www.amazon.com/dp/B0BQ1CPLSQ?tag=eloabder-20&linkCode=osi&th=1&psc=1">View Product</a></div>






<div class="product"><a href="https://www.amazon.com/dp/B004VG6SWS?tag=eloabder-20&linkCode=osi&th=1&psc=1"><img src="https://m.media-amazon.com/images/I/31M54KTIo2L._SL500_.jpg" alt="Product Image"></a><p>3M Scotchgard Clear Paint Protection Bulk Film Roll 12-by-72-inches</p><p>$38.00</p><a href="https://www.amazon.com/dp/B004VG6SWS?tag=eloabder-20&linkCode=osi&th=1&psc=1">View Product</a></div><div class="product"><a href="https://www.amazon.com/dp/B073X7WF5J?tag=eloabder-20&linkCode=osi&th=1&psc=1"><img src="https://m.media-amazon.com/images/I/41PIPchJvFL._SL500_.jpg" alt="Product Image"></a><p>VViViD 3M Clear Paint Protection Vinyl Film 6 Inch x 25 Inch</p><p>$9.99</p><a href="https://www.amazon.com/dp/B073X7WF5J?tag=eloabder-20&linkCode=osi&th=1&psc=1">View Product</a></div>

<div class="product"><a href="https://www.amazon.com/dp/B09VLKQY83?tag=eloabder-20&linkCode=osi&th=1&psc=1"><img src="https://m.media-amazon.com/images/I/41HrqrTIGUL._SL500_.jpg" alt="Product Image"></a><p>Charcoal 2PLY Nano Ceramic 20% VLT Car Tint 36 in x 25 FT Professional Window Tint Heat, UV 99%, and IRR 85% to 90% Tint for Cars or Building Adhesive Film Easy Shrink, Plotter Friendly</p><p>$56.95 ($0.76 / Sq Ft)</p><a href="https://www.amazon.com/dp/B09VLKQY83?tag=eloabder-20&linkCode=osi&th=1&psc=1">View Product</a></div><div class="product"><a href="https://www.amazon.com/dp/B000CAM2ZO?tag=eloabder-20&linkCode=osi&th=1&psc=1"><img src="https://m.media-amazon.com/images/I/31zB99KwKWL._SL500_.jpg" alt="Product Image"></a><p>Black Magic 5060107 Professional Anti-Heat Layer Tint Film, 5% VLT, 24-Inches x 78-Inches</p><p>$20.26 ($1.56 / Sq Ft)</p><a href="https://www.amazon.com/dp/B000CAM2ZO?tag=eloabder-20&linkCode=osi&th=1&psc=1">View Product</a></div>

<div class="product"><a href="https://www.amazon.com/dp/B081T7N948?tag=eloabder-20&linkCode=osi&th=1&psc=1"><img src="https://m.media-amazon.com/images/I/41q0eWfEB3L._SL500_.jpg" alt="Product Image"></a><p>PULIDIKI Car Cleaning Gel Universal Detailing Kit Automotive Dust Car Crevice Cleaner Slime Auto Air Vent Interior Detail Removal for Car Putty Cleaning Keyboard Cleaner Car Accessories Blue</p><p>$5.94</p><a href="https://www.amazon.com/dp/B081T7N948?tag=eloabder-20&linkCode=osi&th=1&psc=1">View Product</a></div><div class="product"><a href="https://www.amazon.com/dp/B0CRKX3D9J?tag=eloabder-20&linkCode=osi&th=1&psc=1"><img src="https://m.media-amazon.com/images/I/51aymO4P7aL._SL500_.jpg" alt="Product Image"></a><p>PULIDIKI Car Cleaning Gel for Car Cleaning Putty Car Putty Auto Detailing Tools Car Slime Cleaner Dust Cleaning Gel for Car Interior Cleaner Car Accessories Keyboard Cleaner Blue (2Pack)</p><p>$9.99</p><a href="https://www.amazon.com/dp/B0CRKX3D9J?tag=eloabder-20&linkCode=osi&th=1&psc=1">View Product</a></div><div class="product"><a href="https://www.amazon.com/dp/B0988X73FW?tag=eloabder-20&linkCode=osi&th=1&psc=1"><img src="https://m.media-amazon.com/images/I/51qQkFSZAIL._SL500_.jpg" alt="Product Image"></a><p>TICARVE Car Cleaning Gel Detailing Putty Car Putty Auto Detailing Tools Car Interior Cleaner Cleaning Slime Car Accessories Keyboard Cleaner Rose/NT WT: 5.6 oz (160 gr)</p><p>$6.98</p><a href="https://www.amazon.com/dp/B0988X73FW?tag=eloabder-20&linkCode=osi&th=1&psc=1">View Product</a></div><div class="product"><a href="https://www.amazon.com/dp/B08RDNV8KQ?tag=eloabder-20&linkCode=osi&th=1&psc=1"><img src="https://m.media-amazon.com/images/I/51DwR48ghvL._SL500_.jpg" alt="Product Image"></a><p>TICARVE Cleaning Gel for Car Detailing Car Vent Cleaner Cleaning Putty Gel Auto Car Interior Cleaner Dust Cleaning Mud for Cars and Keyboard Cleaner Cleaning Slime Purple</p><p>$6.99</p><a href="https://www.amazon.com/dp/B08RDNV8KQ?tag=eloabder-20&linkCode=osi&th=1&psc=1">View Product</a></div><div class="product"><a href="https://www.amazon.com/dp/B07SBNH48K?tag=eloabder-20&linkCode=osi&th=1&psc=1"><img src="https://m.media-amazon.com/images/I/51MyrDaYquL._SL500_.jpg" alt="Product Image"></a><p>COLORCORAL Cleaning Gel for Car Universal Gel Cleaner Auto Detailing Car Vent Keyboard Cleaning Putty Car Interior Cleaner Dashboard Dust Remover Putty Auto Duster Cleaning Kit 160G</p><p>$6.99</p><a href="https://www.amazon.com/dp/B07SBNH48K?tag=eloabder-20&linkCode=osi&th=1&psc=1">View Product</a></div><div class="product"><a href="https://www.amazon.com/dp/B0D1CB8RP2?tag=eloabder-20&linkCode=osi&th=1&psc=1"><img src="https://m.media-amazon.com/images/I/51MPeMNItzL._SL500_.jpg" alt="Product Image"></a><p>ALIOBC Car Cleaning Gel, Keyboard Cleaner Cleaning Putty for Car Interior Car Slime Cleaner Dust Cleaning Gel Car Putty for Cleaning Car Gel Cleaner Blue NT.WT.: 5.6 oz (160 g)</p><p>$6.99</p><a href="https://www.amazon.com/dp/B0D1CB8RP2?tag=eloabder-20&linkCode=osi&th=1&psc=1">View Product</a></div><div class="product"><a href="https://www.amazon.com/dp/B09995RLLH?tag=eloabder-20&linkCode=osi&th=1&psc=1"><img src="https://m.media-amazon.com/images/I/51hASKz7MnL._SL500_.jpg" alt="Product Image"></a><p>TICARVE 2Pack Cleaning Gel for Car Cleaning Putty Car Slime for Cleaning Car Detailing Putty Detail Tools Car Interior Cleaner Automotive Car Cleaning Kits Keyboard Cleaner Blue Purple (320g/11.2oz)</p><p>$7.99</p><a href="https://www.amazon.com/dp/B09995RLLH?tag=eloabder-20&linkCode=osi&th=1&psc=1">View Product</a></div><div class="product"><a href="https://www.amazon.com/dp/B0D6X5K8CY?tag=eloabder-20&linkCode=osi&th=1&psc=1"><img src="https://m.media-amazon.com/images/I/51C3FExB5RL._SL500_.jpg" alt="Product Image"></a><p>Dust Away Universal Car Cleaning Gel Automotive Detail Putty Crevice Cleaning Slime for Air Vents Interiors Keyboards Laptops & Electronics Versatile Home & Office Accessories Fresh Scent (Lime Green)</p><p>$5.88</p><a href="https://www.amazon.com/dp/B0D6X5K8CY?tag=eloabder-20&linkCode=osi&th=1&psc=1">View Product</a></div>


<div class="product"><a href="https://www.amazon.com/dp/B0D464228M?tag=eloabder-20&linkCode=osi&th=1&psc=1"><img src="https://m.media-amazon.com/images/I/315VtBe9l-L._SL500_.jpg" alt="Product Image"></a><p>Drift Car Air Freshener - Wood Air Freshener - Car Odor Eliminator - Open Air Scent Starter Kit</p><p>$11.95</p><a href="https://www.amazon.com/dp/B0D464228M?tag=eloabder-20&linkCode=osi&th=1&psc=1">View Product</a></div>
<div class="product"><a href="https://www.amazon.com/dp/B071HR14SJ?tag=eloabder-20&linkCode=osi&th=1&psc=1"><img src="https://m.media-amazon.com/images/I/41crypCefDL._SL500_.jpg" alt="Product Image"></a><p>Meguiar's Gold Class Car Wash Soap, Ultra-Rich Car Wash Soap and Conditioner for Car Cleaning, Car Wash Soap to Clean and Condition in One Easy Step, 1 Gallon Car Wash Soap</p><p>$24.99 ($0.20 / Ounce)</p><a href="https://www.amazon.com/dp/B071HR14SJ?tag=eloabder-20&linkCode=osi&th=1&psc=1">View Product</a></div><div class="product"><a href="https://www.amazon.com/dp/B085R9L9Q9?tag=eloabder-20&linkCode=osi&th=1&psc=1"><img src="https://m.media-amazon.com/images/I/41tAv1FNbZL._SL500_.jpg" alt="Product Image"></a><p>Armor All Extreme Shield Protectant Spray , Interior Car Cleaner with UV Protection Against Cracking and Fading, 16 Fl Oz</p><p>$8.98 ($0.56 / Fl Oz)</p><a href="https://www.amazon.com/dp/B085R9L9Q9?tag=eloabder-20&linkCode=osi&th=1&psc=1">View Product</a></div><div class="product"><a href="https://www.amazon.com/dp/B016NA9Y4S?tag=eloabder-20&linkCode=osi&th=1&psc=1"><img src="https://m.media-amazon.com/images/I/31oz8VJFdjL._SL500_.jpg" alt="Product Image"></a><p>Rain-X 5079281-2 Latitude 2-In-1 Wiper Blades, 26 Inch Windshield Wipers (Pack Of 1), Automotive Replacement Windshield Wiper Blades With Patented Rain-X Water Repellency Formula</p><p>$17.08</p><a href="https://www.amazon.com/dp/B016NA9Y4S?tag=eloabder-20&linkCode=osi&th=1&psc=1">View Product</a></div><div class="product"><a href="https://www.amazon.com/dp/B0D2PCCJVK?tag=eloabder-20&linkCode=osi&th=1&psc=1"><img src="https://m.media-amazon.com/images/I/41BFT-c3a9L._SL500_.jpg" alt="Product Image"></a><p>HoogaLife Car Air Freshener Diffuser – Revitalize Your Drive with Hanging Air Freshener Diffuser Aromatic Bliss On The Go(VANILLA CREAM)</p><p>$12.99 ($24.06 / Fl Oz)</p><a href="https://www.amazon.com/dp/B0D2PCCJVK?tag=eloabder-20&linkCode=osi&th=1&psc=1">View Product</a></div><div class="product"><a href="https://www.amazon.com/dp/B0D17SKCLF?tag=eloabder-20&linkCode=osi&th=1&psc=1"><img src="https://m.media-amazon.com/images/I/51VjaK8JNmL._SL500_.jpg" alt="Product Image"></a><p>AIDEA Car Wash Mitt Microfiber, 1PK-Scratch-Free& Lint-Free, Premium Chenille Microfiber Wash Mitt-Green Regular Size (7.12''X10.14'')</p><p>$5.99</p><a href="https://www.amazon.com/dp/B0D17SKCLF?tag=eloabder-20&linkCode=osi&th=1&psc=1">View Product</a></div>








<div class="product"><a href="https://www.amazon.com/dp/B00UZE8D00?tag=eloabder-20&linkCode=osi&th=1&psc=1"><img src="https://m.media-amazon.com/images/I/517VVkgvgcL._SL500_.jpg" alt="Product Image"></a><p>Chemical Guys HOL_996 Convertible Top Cleaner and Protectant Kit, 16 oz, 2 Items</p><p>$29.99</p><a href="https://www.amazon.com/dp/B00UZE8D00?tag=eloabder-20&linkCode=osi&th=1&psc=1">View Product</a></div><div class="product"><a href="https://www.amazon.com/dp/B004HCS4NW?tag=eloabder-20&linkCode=osi&th=1&psc=1"><img src="https://m.media-amazon.com/images/I/41j5b6xRqNL._SL500_.jpg" alt="Product Image"></a><p>Meguiar's Convertible Top Cleaner - Fabric Convertible Top Cleaner and Vinyl Convertible Top Cleaner in One Advanced Formula - Safely Removes Stains, Mildew, Bird Droppings, and More, 16 Oz</p><p>$6.87 ($0.43 / Ounce)</p><a href="https://www.amazon.com/dp/B004HCS4NW?tag=eloabder-20&linkCode=osi&th=1&psc=1">View Product</a></div><div class="product"><a href="https://www.amazon.com/dp/B00UZE80N0?tag=eloabder-20&linkCode=osi&th=1&psc=1"><img src="https://m.media-amazon.com/images/I/31FG83SK9SL._SL500_.jpg" alt="Product Image"></a><p>Chemical Guys SPI_193_16 Convertible Top Protectant and Repellent, (Helps Prevent Fading & Discoloration on Fabric Sot Tops) 16 fl oz (Packaging May Vary)</p><p>$19.99 ($1.25 / Fl Oz)</p><a href="https://www.amazon.com/dp/B00UZE80N0?tag=eloabder-20&linkCode=osi&th=1&psc=1">View Product</a></div><div class="product"><a href="https://www.amazon.com/dp/B00UZE8C1A?tag=eloabder-20&linkCode=osi&th=1&psc=1"><img src="https://m.media-amazon.com/images/I/31aLnXKZxfL._SL500_.jpg" alt="Product Image"></a><p>Chemical Guys ACC_S94 Convertible Top Horse Hair Cleaning Brush, Safe for Cloth Soft Tops, Upholstery, Leather, Furniture, & More</p><p>$14.99</p><a href="https://www.amazon.com/dp/B00UZE8C1A?tag=eloabder-20&linkCode=osi&th=1&psc=1">View Product</a></div><div class="product"><a href="https://www.amazon.com/dp/B000A8JNF0?tag=eloabder-20&linkCode=osi&th=1&psc=1"><img src="https://m.media-amazon.com/images/I/51PLChiVIrL._SL500_.jpg" alt="Product Image"></a><p>303 Products Convertible Fabric Top Cleaning and Care Kit - Cleans And Protects Fabric Tops - Includes Tonneau Cover And Convertible Top Cleaner 16 fl. oz. + Fabric Guard, (30520)</p><p>$32.79 ($1.02 / Fl Oz)</p><a href="https://www.amazon.com/dp/B000A8JNF0?tag=eloabder-20&linkCode=osi&th=1&psc=1">View Product</a></div>
<div class="product"><a href="https://www.amazon.com/dp/B0BCQ1XMWV?tag=eloabder-20&linkCode=osi&th=1&psc=1"><img src="https://m.media-amazon.com/images/I/41lV6Au-S9L._SL500_.jpg" alt="Product Image"></a><p>EMITHSUN® Windshield Wiper Blades Replacement for Honda Civic Coupe 2 Door 2005-2011,That Meet OEM Quality Front Wipers Blade Set for My Car-28"+24"(Set of 2)</p><p>$19.99</p><a href="https://www.amazon.com/dp/B0BCQ1XMWV?tag=eloabder-20&linkCode=osi&th=1&psc=1">View Product</a></div>
<div class="product"><a href="https://www.amazon.com/dp/B00I8ITVZG?tag=eloabder-20&linkCode=osi&th=1&psc=1"><img src="https://m.media-amazon.com/images/I/41TXd564pcL._SL500_.jpg" alt="Product Image"></a><p>ECOGARD XC36067 Premium Cabin Air Filter Fits Hyundai Genesis 2009-2016, Equus 2011-2016 | Genesis G80 2017-2021, G90 2019-2021, GV80 2021 | Kia K900 2020</p><p>$10.98</p><a href="https://www.amazon.com/dp/B00I8ITVZG?tag=eloabder-20&linkCode=osi&th=1&psc=1">View Product</a></div>

<div class="product"><a href="https://www.amazon.com/dp/B097C3NCP1?tag=eloabder-20&linkCode=osi&th=1&psc=1"><img src="https://m.media-amazon.com/images/I/41GXST2+s6L._SL500_.jpg" alt="Product Image"></a><p>Raidbee 12 inch Rear Wiper Blade Replacement for Toyota Corolla Hatchback 2022-2019, Nissan Versa 2019-2014 Back Windshield Wiper (H306/12-B)</p><p>$6.99</p><a href="https://www.amazon.com/dp/B097C3NCP1?tag=eloabder-20&linkCode=osi&th=1&psc=1">View Product</a></div>



<div class="product"><a href="https://www.amazon.com/dp/B0CQ4MLKHJ?tag=eloabder-20&linkCode=osi&th=1&psc=1"><img src="https://m.media-amazon.com/images/I/519f8covwQL._SL500_.jpg" alt="Product Image"></a><p>Feetiger All-in-1 Fire Extinguisher for Home, Kitchen, Car, Garage, RV, Truck, Boat, Camping, Fire Spray that Tackles Multiple Types of Fire, 2pack</p><p>$39.99</p><a href="https://www.amazon.com/dp/B0CQ4MLKHJ?tag=eloabder-20&linkCode=osi&th=1&psc=1">View Product</a></div>
<div class="product"><a href="https://www.amazon.com/dp/B07TS4JV6H?tag=eloabder-20&linkCode=osi&th=1&psc=1"><img src="https://m.media-amazon.com/images/I/412htpDd6fL._SL500_.jpg" alt="Product Image"></a><p>Police Flag Air Freshener, New Car Scent, 6-Pack</p><p>$9.99 ($1.66 / Count)</p><a href="https://www.amazon.com/dp/B07TS4JV6H?tag=eloabder-20&linkCode=osi&th=1&psc=1">View Product</a></div>


<div class="product"><a href="https://www.amazon.com/dp/B009EU5ZNO?tag=eloabder-20&linkCode=osi&th=1&psc=1"><img src="https://m.media-amazon.com/images/I/515MJLZbnoL._SL500_.jpg" alt="Product Image"></a><p>J-B Weld 50133 Plastic Bonder Structural Adhesive Syringe - Tan - 25 ml</p><p>$6.98 ($8.21 / Fl Oz)</p><a href="https://www.amazon.com/dp/B009EU5ZNO?tag=eloabder-20&linkCode=osi&th=1&psc=1">View Product</a></div>



<div class="product"><a href="https://www.amazon.com/dp/B09P6YZP72?tag=eloabder-20&linkCode=osi&th=1&psc=1"><img src="https://m.media-amazon.com/images/I/416rlvu+ayL._SL500_.jpg" alt="Product Image"></a><p>AUTOBOO 26"+20" Windshield Wipers with 16" Rear Wiper Blade Replacement for Dodge Grand Caravan 2008-2012 2013 2014 2015 2016 2017 2018 2019 -Original Factory Quality (Pack of 3)</p><p>$23.99</p><a href="https://www.amazon.com/dp/B09P6YZP72?tag=eloabder-20&linkCode=osi&th=1&psc=1">View Product</a></div><div class="product"><a href="https://www.amazon.com/dp/B0BLYQBDS8?tag=eloabder-20&linkCode=osi&th=1&psc=1"><img src="https://m.media-amazon.com/images/I/51SbpSR2zBL._SL500_.jpg" alt="Product Image"></a><p>A-Premium Engine Air Filter Compatible with Chrysler Town & Country & Dodge Grand Caravan & Ram C/V & Volkswagen Routan, 2011-2020, Flexible Panel, Replace# 4861737AA</p><p>$12.99</p><a href="https://www.amazon.com/dp/B0BLYQBDS8?tag=eloabder-20&linkCode=osi&th=1&psc=1">View Product</a></div>
<div class="product"><a href="https://www.amazon.com/dp/B001FCB4JS?tag=eloabder-20&linkCode=osi&th=1&psc=1"><img src="https://m.media-amazon.com/images/I/21wq6fxqiVL._SL500_.jpg" alt="Product Image"></a><p>Dicor BT-1834-1 Butyl Seal Tape - 1/8" x 3/4" x 30' Repair Tape for RV, Trailer, Motorhome, Window, and Vent Sealing</p><p>$13.15 ($0.44 / Foot)</p><a href="https://www.amazon.com/dp/B001FCB4JS?tag=eloabder-20&linkCode=osi&th=1&psc=1">View Product</a></div>
<div class="product"><a href="https://www.amazon.com/dp/B000BUQOD6?tag=eloabder-20&linkCode=osi&th=1&psc=1"><img src="https://m.media-amazon.com/images/I/41O0CoP1L3L._SL500_.jpg" alt="Product Image"></a><p>Camco Camper/RV Toilet Paper | Sewer-Safe, Septic-Safe & Biodegradable | Designed for Camper, Trailer & Marine Sanitation Systems | 1-Ply Tissue | 4 Toilet Paper Rolls – 280 Sheets per Roll (40275)</p><p>$5.99 ($2.14 / 100 Sheets)</p><a href="https://www.amazon.com/dp/B000BUQOD6?tag=eloabder-20&linkCode=osi&th=1&psc=1">View Product</a></div><div class="product"><a href="https://www.amazon.com/dp/B007JG1W1E?tag=eloabder-20&linkCode=osi&th=1&psc=1"><img src="https://m.media-amazon.com/images/I/41i-j99E9ML._SL500_.jpg" alt="Product Image"></a><p>Camco TST Camper / RV Grey Water Odor Control - Removes Grease Buildup in Gray Water Tank, Sink & Shower Drains - 4oz Treats 40-Gal Holding Tank - Safe Septic Tank Treatment - Lemon, 64 oz (40256)</p><p>$19.94 ($0.31 / Fl Oz)</p><a href="https://www.amazon.com/dp/B007JG1W1E?tag=eloabder-20&linkCode=osi&th=1&psc=1">View Product</a></div><div class="product"><a href="https://www.amazon.com/dp/B016V2OSD0?tag=eloabder-20&linkCode=osi&th=1&psc=1"><img src="https://m.media-amazon.com/images/I/31Jm99RYVXL._SL500_.jpg" alt="Product Image"></a><p>Camco TST MAX RV Toilet Treatment Drop-INs | Control Unwanted Odors and Break Down Waste and Tissue | Septic Tank Safe | Lavender Scent | 15-pack (41559)</p><p>$11.97 ($0.80 / Count)</p><a href="https://www.amazon.com/dp/B016V2OSD0?tag=eloabder-20&linkCode=osi&th=1&psc=1">View Product</a></div>






<div class="product"><a href="https://www.amazon.com/dp/B006GJYOL0?tag=eloabder-20&linkCode=osi&th=1&psc=1"><img src="https://m.media-amazon.com/images/I/41YPjiCzDfL._SL500_.jpg" alt="Product Image"></a><p>Boat Bling HS-0128 Hot Sauce Hard Water Spot Remover, Gallon Refill, for Boats, RVs, Powersport Vehicles and More, Black,1 Gallon</p><p>$54.95 ($0.43 / Fl Oz)</p><a href="https://www.amazon.com/dp/B006GJYOL0?tag=eloabder-20&linkCode=osi&th=1&psc=1">View Product</a></div><div class="product"><a href="https://www.amazon.com/dp/B0000AXVCB?tag=eloabder-20&linkCode=osi&th=1&psc=1"><img src="https://m.media-amazon.com/images/I/51gtsDb7zDL._SL500_.jpg" alt="Product Image"></a><p>Meguiar's M4364 Marine/RV Boat Wash - 64 Oz Container</p><p>$13.99 ($0.22 / Fl Oz)</p><a href="https://www.amazon.com/dp/B0000AXVCB?tag=eloabder-20&linkCode=osi&th=1&psc=1">View Product</a></div><div class="product"><a href="https://www.amazon.com/dp/B0007TR47G?tag=eloabder-20&linkCode=osi&th=1&psc=1"><img src="https://m.media-amazon.com/images/I/41Q4SzlVojL._SL500_.jpg" alt="Product Image"></a><p>Meguiar's Flagship Premium Marine Wax, Boat Polish and Oxidation Remover - 32 Oz Bottle</p><p>$21.49</p><a href="https://www.amazon.com/dp/B0007TR47G?tag=eloabder-20&linkCode=osi&th=1&psc=1">View Product</a></div><div class="product"><a href="https://www.amazon.com/dp/B006GJYLFY?tag=eloabder-20&linkCode=osi&th=1&psc=1"><img src="https://m.media-amazon.com/images/I/31G78TSjssL._SL500_.jpg" alt="Product Image"></a><p>Boat Bling Condition Sauce Premium Interior Moisturizer w/UV Protection, 32 oz.</p><p>$27.95</p><a href="https://www.amazon.com/dp/B006GJYLFY?tag=eloabder-20&linkCode=osi&th=1&psc=1">View Product</a></div><div class="product"><a href="https://www.amazon.com/dp/B006GJYKWI?tag=eloabder-20&linkCode=osi&th=1&psc=1"><img src="https://m.media-amazon.com/images/I/41AcDanNz-L._SL500_.jpg" alt="Product Image"></a><p>Boat Bling VS-0032 Vinyl Sauce Premium Vinyl and Leather Cleaner, 32 Oz., for Boats, RVs, Powersport Vehicles and More</p><p>$22.95 ($0.72 / Fl Oz)</p><a href="https://www.amazon.com/dp/B006GJYKWI?tag=eloabder-20&linkCode=osi&th=1&psc=1">View Product</a></div>
<div class="product"><a href="https://www.amazon.com/dp/B004OJTEKK?tag=eloabder-20&linkCode=osi&th=1&psc=1"><img src="https://m.media-amazon.com/images/I/41q8kkNiKOL._SL500_.jpg" alt="Product Image"></a><p>Shurhold Yacht Brite YBP-0302 Brite Wash - 1 Gallon</p><p>$23.97 ($0.19 / Fl Oz)</p><a href="https://www.amazon.com/dp/B004OJTEKK?tag=eloabder-20&linkCode=osi&th=1&psc=1">View Product</a></div>




<div class="product"><a href="https://www.amazon.com/dp/B0B2RDZNZB?tag=eloabder-20&linkCode=osi&th=1&psc=1"><img src="https://m.media-amazon.com/images/I/51RVSUoRuGL._SL500_.jpg" alt="Product Image"></a><p>Fancemot Helicopter Car Air Fresheners Rotating Solar Car Fresheners Airplane Car Perfume (Osmanthus & Vanilla)</p><p>$14.08</p><a href="https://www.amazon.com/dp/B0B2RDZNZB?tag=eloabder-20&linkCode=osi&th=1&psc=1">View Product</a></div><div class="product"><a href="https://www.amazon.com/dp/B0994PG1ZD?tag=eloabder-20&linkCode=osi&th=1&psc=1"><img src="https://m.media-amazon.com/images/I/413er0A8cVS._SL500_.jpg" alt="Product Image"></a><p>NICEADA Car Air Freshener, Helicopter Solar Energy Rotating Aromatherapy Aviation Al Alloy Diffuser, Interior Decoration Accessories Diffuser for Car and Home (Silver)</p><p>$23.99</p><a href="https://www.amazon.com/dp/B0994PG1ZD?tag=eloabder-20&linkCode=osi&th=1&psc=1">View Product</a></div><div class="product"><a href="https://www.amazon.com/dp/B09ZTMZKSJ?tag=eloabder-20&linkCode=osi&th=1&psc=1"><img src="https://m.media-amazon.com/images/I/41rz5PydC9L._SL500_.jpg" alt="Product Image"></a><p>Air Freshener, Gigicloud Car Fragrance Diffuser Solar Rotating Automotive Air Fresheners Ornament Helicopter Shape Solid Aromatherapy Decoration for Car and Home (Black)</p><p>$15.49</p><a href="https://www.amazon.com/dp/B09ZTMZKSJ?tag=eloabder-20&linkCode=osi&th=1&psc=1">View Product</a></div><div class="product"><a href="https://www.amazon.com/dp/B0CWNNPCD3?tag=eloabder-20&linkCode=osi&th=1&psc=1"><img src="https://m.media-amazon.com/images/I/51nznnJJhfL._SL500_.jpg" alt="Product Image"></a><p>Car Air Freshener Diffuser, KaiDengZhe 1PCS Helicopter Solar Energy Rotating Aromatherapy Aviation Al Alloy Diffuser, Car Diffuser for Essential Oils, Relieve Stress and Purifie Odors for Car and Home</p><p>$15.99</p><a href="https://www.amazon.com/dp/B0CWNNPCD3?tag=eloabder-20&linkCode=osi&th=1&psc=1">View Product</a></div><div class="product"><a href="https://www.amazon.com/dp/B0B8T47G65?tag=eloabder-20&linkCode=osi&th=1&psc=1"><img src="https://m.media-amazon.com/images/I/41d6cgVheqL._SL500_.jpg" alt="Product Image"></a><p>Joyfunky Car Air Fresheners with Solar Rotating, Creative Car Perfume Decoration, Relieve Stress and Purifie Odors, Use at Car, office and Home, Silver</p><p>$12.99</p><a href="https://www.amazon.com/dp/B0B8T47G65?tag=eloabder-20&linkCode=osi&th=1&psc=1">View Product</a></div><div class="product"><a href="https://www.amazon.com/dp/B0D4ZHJVK8?tag=eloabder-20&linkCode=osi&th=1&psc=1"><img src="https://m.media-amazon.com/images/I/41sEhsjtb4L._SL500_.jpg" alt="Product Image"></a><p>NICEADA Helicopter Solar Car Air Freshener Refill Set, Solar Essential Oil Refill Perfume Oil for Car Air Fresheners(4 Packs)</p><p>$21.99 ($24.99 / Fl Oz)</p><a href="https://www.amazon.com/dp/B0D4ZHJVK8?tag=eloabder-20&linkCode=osi&th=1&psc=1">View Product</a></div><div class="product"><a href="https://www.amazon.com/dp/B0D251XW47?tag=eloabder-20&linkCode=osi&th=1&psc=1"><img src="https://m.media-amazon.com/images/I/41x6lmNq9fL._SL500_.jpg" alt="Product Image"></a><p>Helicopter Car Air Fresheners with Solar Rotating, Creative Car Perfume Decoration, Car Airplane Fragrance Diffuser for Car, Home, Office (Silver)</p><p>$13.09</p><a href="https://www.amazon.com/dp/B0D251XW47?tag=eloabder-20&linkCode=osi&th=1&psc=1">View Product</a></div>

<div class="product"><a href="https://www.amazon.com/dp/B0D4154TQG?tag=eloabder-20&linkCode=osi&th=1&psc=1"><img src="https://m.media-amazon.com/images/I/217Iw-nO3UL._SL500_.jpg" alt="Product Image"></a><p>RV Curtain Glide Tape A115, 1/2 Inch Glides Clear RV Curtain Strip Curtain Slide Tape 72 Inches Long Use with Ceiling or Wall Mount Curtain Track A201 A202 (2 Pack)</p><p>$17.99</p><a href="https://www.amazon.com/dp/B0D4154TQG?tag=eloabder-20&linkCode=osi&th=1&psc=1">View Product</a></div>
<div class="product"><a href="https://www.amazon.com/dp/B08W4PQN8L?tag=eloabder-20&linkCode=osi&th=1&psc=1"><img src="https://m.media-amazon.com/images/I/41udmrd6QTL._SL500_.jpg" alt="Product Image"></a><p>Hot Air Balloon Novelty Air Freshener for Car - Sandalwood Scented Automotive Accessory New Mexico Souvenir Gift (Pack of 4)</p><p>$7.99 ($2.00 / Count)</p><a href="https://www.amazon.com/dp/B08W4PQN8L?tag=eloabder-20&linkCode=osi&th=1&psc=1">View Product</a></div>















<div class="product"><a href="https://www.amazon.com/dp/B0CP87K2VD?tag=eloabder-20&linkCode=osi&th=1&psc=1"><img src="https://m.media-amazon.com/images/I/41dTH4OPkcL._SL500_.jpg" alt="Product Image"></a><p>For harley air cleaner filter Touring street glide road king electra tri trike Dyna Sportster XL 883 1200 Softail air intake (Drift style -Contrast Cut, C-For Touring 08-16, Softail 16-17)</p><p>$125.00</p><a href="https://www.amazon.com/dp/B0CP87K2VD?tag=eloabder-20&linkCode=osi&th=1&psc=1">View Product</a></div><div class="product"><a href="https://www.amazon.com/dp/B08DNLNY3G?tag=eloabder-20&linkCode=osi&th=1&psc=1"><img src="https://m.media-amazon.com/images/I/51baNj3o8CL._SL500_.jpg" alt="Product Image"></a><p>2963308 HD1508 Ultra Classic Air Filter Cleaner for 2008-2014 Harley Davidson Street Glide, Electra Glide, Road King, Road Glide Custom, Ultra Classic and other select models HD-1508</p><p>$21.99</p><a href="https://www.amazon.com/dp/B08DNLNY3G?tag=eloabder-20&linkCode=osi&th=1&psc=1">View Product</a></div><div class="product"><a href="https://www.amazon.com/dp/B0CQ2KKC3N?tag=eloabder-20&linkCode=osi&th=1&psc=1"><img src="https://m.media-amazon.com/images/I/31W2a0gAwIL._SL500_.jpg" alt="Product Image"></a><p>High-Flo Replacement Air Filter Element For Ventilator - Milwaukee-Eight Engine '18-later Softail and '17-later Touring and Trike Models Equipped with 114 Air Cleaner</p><p>$39.99</p><a href="https://www.amazon.com/dp/B0CQ2KKC3N?tag=eloabder-20&linkCode=osi&th=1&psc=1">View Product</a></div><div class="product"><a href="https://www.amazon.com/dp/B0CPJ5BSGM?tag=eloabder-20&linkCode=osi&th=1&psc=1"><img src="https://m.media-amazon.com/images/I/41cUadnGKpL._SL500_.jpg" alt="Product Image"></a><p>For harley air cleaner filter sportster street road glide king for harley davidson motorcycle air intake (Nake style -Black, A-For Sportster XL models)</p><p>$169.00</p><a href="https://www.amazon.com/dp/B0CPJ5BSGM?tag=eloabder-20&linkCode=osi&th=1&psc=1">View Product</a></div><div class="product"><a href="https://www.amazon.com/dp/B0CR17NS1M?tag=eloabder-20&linkCode=osi&th=1&psc=1"><img src="https://m.media-amazon.com/images/I/41n57oM0A-L._SL500_.jpg" alt="Product Image"></a><p>For harley air cleaner filter Sportster Softail Touring street road king glide Dyna for harley davidson air intake filters (Speed 7 style -gray filter, C-For Touring 08-16, Softail 16-17)</p><p>$89.00</p><a href="https://www.amazon.com/dp/B0CR17NS1M?tag=eloabder-20&linkCode=osi&th=1&psc=1">View Product</a></div><div class="product"><a href="https://www.amazon.com/dp/B0CR167HDN?tag=eloabder-20&linkCode=osi&th=1&psc=1"><img src="https://m.media-amazon.com/images/I/41o4byfzbRL._SL500_.jpg" alt="Product Image"></a><p>For harley davidson air cleaner filter sportster Touring street glide road king electra Dyna Softail motorcycle air intake (Chromed- gray filter, C-For Touring 2008-2016)</p><p>$99.00</p><a href="https://www.amazon.com/dp/B0CR167HDN?tag=eloabder-20&linkCode=osi&th=1&psc=1">View Product</a></div>







<div class="product"><a href="https://www.amazon.com/dp/B08WH8CWDM?tag=eloabder-20&linkCode=osi&th=1&psc=1"><img src="https://m.media-amazon.com/images/I/41Jj3ouB+1L._SL500_.jpg" alt="Product Image"></a><p>Glaze 'N Seal Color Enhancer Paver Sealer, 1 Gallon (923)</p><p>$62.99</p><a href="https://www.amazon.com/dp/B08WH8CWDM?tag=eloabder-20&linkCode=osi&th=1&psc=1">View Product</a></div>

<div class="product"><a href="https://www.amazon.com/dp/B0B58G8WRX?tag=eloabder-20&linkCode=osi&th=1&psc=1"><img src="https://m.media-amazon.com/images/I/41hjxJMTGJL._SL500_.jpg" alt="Product Image"></a><p>Solarhome Air Filter 333-D2696 333D2696 Compatible with JCB Backhoe Loader 3CX 4CX Telehandler 531-70</p><p>$34.50</p><a href="https://www.amazon.com/dp/B0B58G8WRX?tag=eloabder-20&linkCode=osi&th=1&psc=1">View Product</a></div>




<div class="product"><a href="https://www.amazon.com/dp/B07G7XG6BV?tag=eloabder-20&linkCode=osi&th=1&psc=1"><img src="https://m.media-amazon.com/images/I/510tZGutn6L._SL500_.jpg" alt="Product Image"></a><p>Holikme 6Pack Cleaning Brush Power Scrubber Cleaning Brush Extended Long Attachment Set All Purpose Scrub Brushes Kit for Grout, Floor, Tub, Shower, Tile, Bathroom,Car Cleaning Brush，Yellow</p><p>$6.95</p><a href="https://www.amazon.com/dp/B07G7XG6BV?tag=eloabder-20&linkCode=osi&th=1&psc=1">View Product</a></div>



<div class="product"><a href="https://www.amazon.com/dp/B000FW2NWQ?tag=eloabder-20&linkCode=osi&th=1&psc=1"><img src="https://m.media-amazon.com/images/I/31VlBDw7uDL._SL500_.jpg" alt="Product Image"></a><p>Performance Tool W233 12-Inch Long Reach Extension Scraper with 3pc Double Edged Plastic Razor Scraper Blades and 3pc Carbon Steel Razor Scraper Blades</p><p>$10.31</p><a href="https://www.amazon.com/dp/B000FW2NWQ?tag=eloabder-20&linkCode=osi&th=1&psc=1">View Product</a></div>
<div class="product"><a href="https://www.amazon.com/dp/B0BV2CQ5SW?tag=eloabder-20&linkCode=osi&th=1&psc=1"><img src="https://m.media-amazon.com/images/I/51VkTDjGg4L._SL500_.jpg" alt="Product Image"></a><p>Filterelated Mixed Bed Deionized Di Resin Filter Fill, Suitable For Spotless Car Wash System Filter Change, Tds Filter, Aquarium Filter, Deionized Car Wash,5 Liters</p><p>$49.99</p><a href="https://www.amazon.com/dp/B0BV2CQ5SW?tag=eloabder-20&linkCode=osi&th=1&psc=1">View Product</a></div><div class="product"><a href="https://www.amazon.com/dp/B01MRVQ9UE?tag=eloabder-20&linkCode=osi&th=1&psc=1"><img src="https://m.media-amazon.com/images/I/51+i6fjU6tL._SL500_.jpg" alt="Product Image"></a><p>Husqvarna XP Pre-Mixed Fuel and Engine Oil Quart (3 Pack),Blue</p><p>$32.99 ($0.34 / Count)</p><a href="https://www.amazon.com/dp/B01MRVQ9UE?tag=eloabder-20&linkCode=osi&th=1&psc=1">View Product</a></div>




<div class="product"><a href="https://www.amazon.com/dp/B01N2G2NEJ?tag=eloabder-20&linkCode=osi&th=1&psc=1"><img src="https://m.media-amazon.com/images/I/41-5g4zEDpL._SL500_.jpg" alt="Product Image"></a><p>Chemical Guys SPI10816 Heavy Duty Water Spot Remover, Safe for Cars, Trucks, Motorcycles, RVs & More, 16 fl oz</p><p>$17.97 ($1.12 / Fl Oz)</p><a href="https://www.amazon.com/dp/B01N2G2NEJ?tag=eloabder-20&linkCode=osi&th=1&psc=1">View Product</a></div>









<div class="product"><a href="https://www.amazon.com/dp/B08YRVH2QV?tag=eloabder-20&linkCode=osi&th=1&psc=1"><img src="https://m.media-amazon.com/images/I/5164O-Jr2QL._SL500_.jpg" alt="Product Image"></a><p>Thetford AquaMAX Summer Cypress Scent RV Holding Tank Treatment, Formaldehyde Free, Waste Digester, Septic Tank Safe, 5 Gallon Bottle (96754)</p><p>$248.18</p><a href="https://www.amazon.com/dp/B08YRVH2QV?tag=eloabder-20&linkCode=osi&th=1&psc=1">View Product</a></div><div class="product"><a href="https://www.amazon.com/dp/B0BPMW7485?tag=eloabder-20&linkCode=osi&th=1&psc=1"><img src="https://m.media-amazon.com/images/I/51WNuQeew7L._SL500_.jpg" alt="Product Image"></a><p>XFasten Butyl Tape Black 1/2” x 30’ x 1/8" Butyl Sealant Tape Headlight Sealant Putty Tape | Black Butyl Caulking Tape | Butyl Tape RV Putty Tape EPDM Automotive Butyl Rubber Window Sealant for RV</p><p>$13.99 ($0.47 / Foot)</p><a href="https://www.amazon.com/dp/B0BPMW7485?tag=eloabder-20&linkCode=osi&th=1&psc=1">View Product</a></div>
<div class="product"><a href="https://www.amazon.com/dp/B006DXWZQU?tag=eloabder-20&linkCode=osi&th=1&psc=1"><img src="https://m.media-amazon.com/images/I/41wtqfFFfQL._SL500_.jpg" alt="Product Image"></a><p>FRAM Ultra Synthetic Automotive Replacement Oil Filter, Designed for Synthetic Oil Changes Lasting up to 20k Miles, XG10575 with SureGrip (Pack of 1)</p><p>$10.79</p><a href="https://www.amazon.com/dp/B006DXWZQU?tag=eloabder-20&linkCode=osi&th=1&psc=1">View Product</a></div><div class="product"><a href="https://www.amazon.com/dp/B01LH7L0XA?tag=eloabder-20&linkCode=osi&th=1&psc=1"><img src="https://m.media-amazon.com/images/I/41yD3QmbyZL._SL500_.jpg" alt="Product Image"></a><p>Shell Rotella T4 Triple Protection Conventional 15W-40 Diesel Engine Oil (1-Gallon, Single Pack)</p><p>$15.98 ($0.12 / Fl Oz)</p><a href="https://www.amazon.com/dp/B01LH7L0XA?tag=eloabder-20&linkCode=osi&th=1&psc=1">View Product</a></div><div class="product"><a href="https://www.amazon.com/dp/B00ICSWGJ0?tag=eloabder-20&linkCode=osi&th=1&psc=1"><img src="https://m.media-amazon.com/images/I/41Ahz5dVc5L._SL500_.jpg" alt="Product Image"></a><p>Castrol Edge 5W-30 Advanced Full Synthetic Motor Oil, 5 Quarts</p><p>$24.72 ($0.15 / Fl Oz)</p><a href="https://www.amazon.com/dp/B00ICSWGJ0?tag=eloabder-20&linkCode=osi&th=1&psc=1">View Product</a></div><div class="product"><a href="https://www.amazon.com/dp/B01N8RPDT8?tag=eloabder-20&linkCode=osi&th=1&psc=1"><img src="https://m.media-amazon.com/images/I/41Qm+9e8sCL._SL500_.jpg" alt="Product Image"></a><p>Motorcraft - Oil - Engine (XO10W305Q3SD)</p><p>$32.27</p><a href="https://www.amazon.com/dp/B01N8RPDT8?tag=eloabder-20&linkCode=osi&th=1&psc=1">View Product</a></div>
<div class="product"><a href="https://www.amazon.com/dp/B07FTRZLM5?tag=eloabder-20&linkCode=osi&th=1&psc=1"><img src="https://m.media-amazon.com/images/I/416uoNYOsXL._SL500_.jpg" alt="Product Image"></a><p>Chemical Guys HOL126 14-Piece Arsenal Builder Car Wash Kit with Foam Gun, Bucket, and (5) 16 oz Car Care Cleaning Chemicals, Gift for Car & Truck Lovers, Dads and DIYers (Works w/Garden Hose)</p><p>$119.99</p><a href="https://www.amazon.com/dp/B07FTRZLM5?tag=eloabder-20&linkCode=osi&th=1&psc=1">View Product</a></div><div class="product"><a href="https://www.amazon.com/dp/B0741RL23Q?tag=eloabder-20&linkCode=osi&th=1&psc=1"><img src="https://m.media-amazon.com/images/I/410wwKZBYVL._SL500_.jpg" alt="Product Image"></a><p>Chemical Guys SPI220 Total Interior Cleaner and Protectant, Safe for Cars, Trucks, SUVs, Jeeps, Motorcycles, RVs & More, 128 fl oz (1 Gallon)</p><p>$54.99 ($0.43 / Fl Oz)</p><a href="https://www.amazon.com/dp/B0741RL23Q?tag=eloabder-20&linkCode=osi&th=1&psc=1">View Product</a></div><div class="product"><a href="https://www.amazon.com/dp/B002J7VX4Y?tag=eloabder-20&linkCode=osi&th=1&psc=1"><img src="https://m.media-amazon.com/images/I/41oijnffQ0L._SL500_.jpg" alt="Product Image"></a><p>Chemical Guys AIR_101_16 New Car Smell Premium Air Freshener and Odor Eliminator, Long-Lasting Scent, Great for Cars, Trucks, SUVs, RVs & More, 16 fl oz</p><p>$10.99 ($0.69 / Fl Oz)</p><a href="https://www.amazon.com/dp/B002J7VX4Y?tag=eloabder-20&linkCode=osi&th=1&psc=1">View Product</a></div><div class="product"><a href="https://www.amazon.com/dp/B077TPG55M?tag=eloabder-20&linkCode=osi&th=1&psc=1"><img src="https://m.media-amazon.com/images/I/51aYksYRthL._SL500_.jpg" alt="Product Image"></a><p>Chemical Guys CWS20264 Tough Mudder Foaming Truck, Off Road, ATV and RV Heavy Duty Wash Soap,(Works with Foam Cannons, Foam Guns or Bucket Washes), 64 fl oz (Half Gallon), Lemon Scent</p><p>$39.99 ($0.62 / Fl Oz)</p><a href="https://www.amazon.com/dp/B077TPG55M?tag=eloabder-20&linkCode=osi&th=1&psc=1">View Product</a></div><div class="product"><a href="https://www.amazon.com/dp/B00BJCAPEE?tag=eloabder-20&linkCode=osi&th=1&psc=1"><img src="https://m.media-amazon.com/images/I/416RIPKVW1L._SL500_.jpg" alt="Product Image"></a><p>Chemical Guys CWS_402 Mr. Pink Foaming Car Wash Soap (Works with Foam Cannons, Foam Guns or Bucket Washes) Safe for Cars, Trucks, Motorcycles, RVs & More, 128 fl oz, Candy Scent</p><p>$39.99 ($0.31 / Fl Oz)</p><a href="https://www.amazon.com/dp/B00BJCAPEE?tag=eloabder-20&linkCode=osi&th=1&psc=1">View Product</a></div><div class="product"><a href="https://www.amazon.com/dp/B01C6AISUK?tag=eloabder-20&linkCode=osi&th=1&psc=1"><img src="https://m.media-amazon.com/images/I/41FrDCDPB6S._SL500_.jpg" alt="Product Image"></a><p>Chemical Guys CLD_700_16 Mat Renew Rubber + Vinyl Floor Mat Cleaner And Protectant, Safe for Cars, Trucks, SUVs, Motorcycles, RVs & More, 16 fl oz</p><p>$10.99 ($0.69 / Fl Oz)</p><a href="https://www.amazon.com/dp/B01C6AISUK?tag=eloabder-20&linkCode=osi&th=1&psc=1">View Product</a></div><div class="product"><a href="https://www.amazon.com/dp/B01N76S0A7?tag=eloabder-20&linkCode=osi&th=1&psc=1"><img src="https://m.media-amazon.com/images/I/51jurhYPCgL._SL500_.jpg" alt="Product Image"></a><p>Chemical Guys HOL131 Premium Chenille Microfiber Car Wash Mop and Heavy Duty Extendable Pole Kit (Great for RVs, Trucks, SUVs, Jeeps & Large Vehicles), With Mr. Pink Foaming Car Wash Soap - 4 fl oz</p><p>$49.99</p><a href="https://www.amazon.com/dp/B01N76S0A7?tag=eloabder-20&linkCode=osi&th=1&psc=1">View Product</a></div><div class="product"><a href="https://www.amazon.com/dp/B009OTW646?tag=eloabder-20&linkCode=osi&th=1&psc=1"><img src="https://m.media-amazon.com/images/I/41lG36UqLBL._SL500_.jpg" alt="Product Image"></a><p>Chemical Guys CWS 110 Honeydew Snow Foam Car Wash Soap (Works with Foam Cannons, Guns or Bucket Washes) Safe for Trucks, Motorcycles, RVs & More, 128 fl oz (1 Gallon), Honeydew Scent</p><p>$39.99 ($0.31 / Fl Oz)</p><a href="https://www.amazon.com/dp/B009OTW646?tag=eloabder-20&linkCode=osi&th=1&psc=1">View Product</a></div><div class="product"><a href="https://www.amazon.com/dp/B08P54Z2C2?tag=eloabder-20&linkCode=osi&th=1&psc=1"><img src="https://m.media-amazon.com/images/I/41Ra65iS2OL._SL500_.jpg" alt="Product Image"></a><p>Chemical Guys WAC23316 HydroSpeed Ceramic Quick Detailer, Safe for Cars, Trucks, SUVs, Motorcycles, RVs & More, 16 fl oz</p><p>$24.99</p><a href="https://www.amazon.com/dp/B08P54Z2C2?tag=eloabder-20&linkCode=osi&th=1&psc=1">View Product</a></div>
<div class="product"><a href="https://www.amazon.com/dp/B0C7WLPQC7?tag=eloabder-20&linkCode=osi&th=1&psc=1"><img src="https://m.media-amazon.com/images/I/41hJeSxsSWL._SL500_.jpg" alt="Product Image"></a><p>Detail King Car Odor Removal - Chlorine Dioxide Cup - Extreme Odor Eliminator For Car - Safe And Easy To Use (3 Oz (Pack of 1) - Plastic)</p><p>$24.95 ($8.32 / Ounce)</p><a href="https://www.amazon.com/dp/B0C7WLPQC7?tag=eloabder-20&linkCode=osi&th=1&psc=1">View Product</a></div>

<div class="product"><a href="https://www.amazon.com/dp/B0052XFWCG?tag=eloabder-20&linkCode=osi&th=1&psc=1"><img src="https://m.media-amazon.com/images/I/41qajeJVXLL._SL500_.jpg" alt="Product Image"></a><p>Hot Shot's Secret HSS64Z Original Stiction Eliminator 64 Fluid Ounce Bottle, Green</p><p>$53.45 ($0.84 / Fl Oz)</p><a href="https://www.amazon.com/dp/B0052XFWCG?tag=eloabder-20&linkCode=osi&th=1&psc=1">View Product</a></div><div class="product"><a href="https://www.amazon.com/dp/B009M64CAW?tag=eloabder-20&linkCode=osi&th=1&psc=1"><img src="https://m.media-amazon.com/images/I/417D8X0nkBL._SL500_.jpg" alt="Product Image"></a><p>Lucas Oil 10679 Hot Rod & Classic Car SAE 10W-30 Motor Oil - 5 Quart</p><p>$38.50 ($0.24 / Fl Oz)</p><a href="https://www.amazon.com/dp/B009M64CAW?tag=eloabder-20&linkCode=osi&th=1&psc=1">View Product</a></div><div class="product"><a href="https://www.amazon.com/dp/B01L9ARY9O?tag=eloabder-20&linkCode=osi&th=1&psc=1"><img src="https://m.media-amazon.com/images/I/51yaZAYH75L._SL500_.jpg" alt="Product Image"></a><p>FPPF Chemical Co 00161 16 OZ HOT 4-in-1 Heating Oil Treatment (2 Bottles)</p><p>$26.42</p><a href="https://www.amazon.com/dp/B01L9ARY9O?tag=eloabder-20&linkCode=osi&th=1&psc=1">View Product</a></div><div class="product"><a href="https://www.amazon.com/dp/B009M64CUM?tag=eloabder-20&linkCode=osi&th=1&psc=1"><img src="https://m.media-amazon.com/images/I/41yiWaF8YQL._SL500_.jpg" alt="Product Image"></a><p>Lucas Oil 10683 Hot Rod & Classic Car SAE 10W-40 Motor Oil - 5 Quart</p><p>$43.24 ($0.27 / Fl Oz)</p><a href="https://www.amazon.com/dp/B009M64CUM?tag=eloabder-20&linkCode=osi&th=1&psc=1">View Product</a></div><div class="product"><a href="https://www.amazon.com/dp/B0973HNRH9?tag=eloabder-20&linkCode=osi&th=1&psc=1"><img src="https://m.media-amazon.com/images/I/41kyGGJa--L._SL500_.jpg" alt="Product Image"></a><p>Hot Shot's Secret FR3 Friction Reducer 64 Fluid Ounce 2 Quarts, Light Yellow Liquid, (HSSFR364Z)</p><p>$59.73 ($0.93 / Fl Oz)</p><a href="https://www.amazon.com/dp/B0973HNRH9?tag=eloabder-20&linkCode=osi&th=1&psc=1">View Product</a></div><div class="product"><a href="https://www.amazon.com/dp/B082YFQQ25?tag=eloabder-20&linkCode=osi&th=1&psc=1"><img src="https://m.media-amazon.com/images/I/511PTX7LlZL._SL500_.jpg" alt="Product Image"></a><p>Hot Shot's Secret Green Diamond 100 Percent Synthetic 15W40 Oil Diesel 1 Gallon</p><p>$39.99 ($0.31 / Fl Oz)</p><a href="https://www.amazon.com/dp/B082YFQQ25?tag=eloabder-20&linkCode=osi&th=1&psc=1">View Product</a></div>















<div class="product"><a href="https://www.amazon.com/dp/B08PTMXCJL?tag=eloabder-20&linkCode=osi&th=1&psc=1"><img src="https://m.media-amazon.com/images/I/410eJv-7UHL._SL500_.jpg" alt="Product Image"></a><p>Moly Grease | 3% Molybdenum Disulfide | Fifth Wheel | 5th | Automotive | Tractor | Axle | Spline | CV Joint | Lithium EP Grease | High Temp | 35 LB Pail Bucket | Black Moly | NLGI 2 | HeavyDuty Moly</p><p>$174.99 ($0.31 / Ounce)</p><a href="https://www.amazon.com/dp/B08PTMXCJL?tag=eloabder-20&linkCode=osi&th=1&psc=1">View Product</a></div><div class="product"><a href="https://www.amazon.com/dp/B08PTHJTK5?tag=eloabder-20&linkCode=osi&th=1&psc=1"><img src="https://m.media-amazon.com/images/I/41VdMjJ38aL._SL500_.jpg" alt="Product Image"></a><p>Wheel Bearing Grease Pail | Lithium Complex | High Temp EP | CV Joint | Axle | Automotive | Tractor | Truck | Ball Joint | Marine Boat | Gear | Heavy Duty | Blue | 35 LB Bucket | NLGI 2 | MultiPurpose</p><p>$167.99 ($0.30 / Ounce)</p><a href="https://www.amazon.com/dp/B08PTHJTK5?tag=eloabder-20&linkCode=osi&th=1&psc=1">View Product</a></div><div class="product"><a href="https://www.amazon.com/dp/B0013J1UA6?tag=eloabder-20&linkCode=osi&th=1&psc=1"><img src="https://m.media-amazon.com/images/I/41G0Fkf7KnL._SL500_.jpg" alt="Product Image"></a><p>CRC Food Grade Chain Lube 03055 – 12 Wt. Oz. Aerosol, NSF H1 Gear, Chain, and Wire Lubricant</p><p>$19.25 ($1.60 / Ounce)</p><a href="https://www.amazon.com/dp/B0013J1UA6?tag=eloabder-20&linkCode=osi&th=1&psc=1">View Product</a></div>





<div class="product"><a href="https://www.amazon.com/dp/B08GQ9G2V5?tag=eloabder-20&linkCode=osi&th=1&psc=1"><img src="https://m.media-amazon.com/images/I/511+rapOlWL._SL500_.jpg" alt="Product Image"></a><p>Armor All Car Air Freshener and Purifier, Car Odor Eliminator, 1.5 Ounce (Pack of 3)</p><p>$21.21 ($4.71 / Ounce)</p><a href="https://www.amazon.com/dp/B08GQ9G2V5?tag=eloabder-20&linkCode=osi&th=1&psc=1">View Product</a></div>







<div class="product"><a href="https://www.amazon.com/dp/B001229JCU?tag=eloabder-20&linkCode=osi&th=1&psc=1"><img src="https://m.media-amazon.com/images/I/31W6FuKPMcL._SL500_.jpg" alt="Product Image"></a><p>First Alert EZ Fire Spray, Extinguishing Aerosol Spray, AF400 Red 18 Ounce (Pack of 1)</p><p>$12.49</p><a href="https://www.amazon.com/dp/B001229JCU?tag=eloabder-20&linkCode=osi&th=1&psc=1">View Product</a></div><div class="product"><a href="https://www.amazon.com/dp/B002U0KGDY?tag=eloabder-20&linkCode=osi&th=1&psc=1"><img src="https://m.media-amazon.com/images/I/51p6R+mcRhL._SL500_.jpg" alt="Product Image"></a><p>First Alert EZ Fire Spray, Extinguishing Aerosol Spray, Pack of 2, AF400-2, RED</p><p>$27.02</p><a href="https://www.amazon.com/dp/B002U0KGDY?tag=eloabder-20&linkCode=osi&th=1&psc=1">View Product</a></div>
<div class="product"><a href="https://www.amazon.com/dp/B0088LVBUQ?tag=eloabder-20&linkCode=osi&th=1&psc=1"><img src="https://m.media-amazon.com/images/I/31h7l-l6u2L._SL500_.jpg" alt="Product Image"></a><p>Seymour EN-59 Hi-Tech Engine Spray Paint, General Motors Red</p><p>$9.08 ($0.76 / Ounce)</p><a href="https://www.amazon.com/dp/B0088LVBUQ?tag=eloabder-20&linkCode=osi&th=1&psc=1">View Product</a></div>




<div class="product"><a href="https://www.amazon.com/dp/B000HBNU9K?tag=eloabder-20&linkCode=osi&th=1&psc=1"><img src="https://m.media-amazon.com/images/I/41URzfKaVsL._SL500_.jpg" alt="Product Image"></a><p>Permatex 27828 Body Shop Heavy Duty Headliner Adhesive, High-Strength Spray Adhesive, Repair Detached Or Loose Interior Parts, Dries Clear, Aerosol Can, 16.75 Oz</p><p>$17.05 ($1.02 / Ounce)</p><a href="https://www.amazon.com/dp/B000HBNU9K?tag=eloabder-20&linkCode=osi&th=1&psc=1">View Product</a></div><div class="product"><a href="https://www.amazon.com/dp/B001VXXEXU?tag=eloabder-20&linkCode=osi&th=1&psc=1"><img src="https://m.media-amazon.com/images/I/5112onMwzaL._SL500_.jpg" alt="Product Image"></a><p>Vibra-TITE 213 Red VC-3 Original Threadmate, 250ml Can</p><p>$99.19</p><a href="https://www.amazon.com/dp/B001VXXEXU?tag=eloabder-20&linkCode=osi&th=1&psc=1">View Product</a></div><div class="product"><a href="https://www.amazon.com/dp/B0CWPSLTR1?tag=eloabder-20&linkCode=osi&th=1&psc=1"><img src="https://m.media-amazon.com/images/I/31ytleZjjaL._SL500_.jpg" alt="Product Image"></a><p>P & S PROFESSIONAL DETAIL PRODUCTS - Terminator Enzyme Spot and Stain Remover - Perfect for Deodorizing, Removing Embedded Soils, Grease, Dirt, and Protein-Based Stains; Fresh Scent (1 Quart)</p><p>$25.95 ($0.81 / Fl Oz)</p><a href="https://www.amazon.com/dp/B0CWPSLTR1?tag=eloabder-20&linkCode=osi&th=1&psc=1">View Product</a></div><div class="product"><a href="https://www.amazon.com/dp/B07GFNQL9H?tag=eloabder-20&linkCode=osi&th=1&psc=1"><img src="https://m.media-amazon.com/images/I/41AA3Nbt8OL._SL500_.jpg" alt="Product Image"></a><p>Gunk FEB1 Foamy Engine Brite Engine Cleaner - 17oz. 2 Pack</p><p>$17.95 ($0.53 / Ounce)</p><a href="https://www.amazon.com/dp/B07GFNQL9H?tag=eloabder-20&linkCode=osi&th=1&psc=1">View Product</a></div>



<div class="product"><a href="https://www.amazon.com/dp/B003SKCARK?tag=eloabder-20&linkCode=osi&th=1&psc=1"><img src="https://m.media-amazon.com/images/I/41rvU5irgRL._SL500_.jpg" alt="Product Image"></a><p>Obenauf's Heavy Duty LP Leather Preservative (4oz)- All Natural Beeswax Oil Conditioner- Rejuvenate Restore & Preserve Sunfaded or Cracked Boots Jackets Saddles Car Auto Upholstery Furniture- USA Made</p><p>$15.99</p><a href="https://www.amazon.com/dp/B003SKCARK?tag=eloabder-20&linkCode=osi&th=1&psc=1">View Product</a></div>
Aucun résultat trouvé.

<div class="product"><a href="https://www.amazon.com/dp/B0CLWDDWHX?tag=eloabder-20&linkCode=osi&th=1&psc=1"><img src="https://m.media-amazon.com/images/I/51HPMtia03L._SL500_.jpg" alt="Product Image"></a><p>Fire Fix Fire Extinguisher for Home 5-Pack | Made in USA | Emergency Fire Spray Foam for Apartment, Boat, Camping, Car, House, Kitchen & Vehicle | Safety & Survival | Compact, Small, Safe & Easy Use</p><p>$56.95</p><a href="https://www.amazon.com/dp/B0CLWDDWHX?tag=eloabder-20&linkCode=osi&th=1&psc=1">View Product</a></div><div class="product"><a href="https://www.amazon.com/dp/B0CKZF9H3D?tag=eloabder-20&linkCode=osi&th=1&psc=1"><img src="https://m.media-amazon.com/images/I/41+Q4YdByuL._SL500_.jpg" alt="Product Image"></a><p>Firexo All Fires Fire Extinguisher - Multipurpose Mini Aerosol - Pack of 6 - Home, Kitchen, Car, Garage, Boat, Caravan, Camping Household, ABC, Vehicle, Compact, RV, Emergency Equipment (0.1 Gal)</p><p>$139.99</p><a href="https://www.amazon.com/dp/B0CKZF9H3D?tag=eloabder-20&linkCode=osi&th=1&psc=1">View Product</a></div>
Aucun résultat trouvé.
Aucun résultat trouvé.






<div class="product"><a href="https://www.amazon.com/dp/B00FOKOKMU?tag=eloabder-20&linkCode=osi&th=1&psc=1"><img src="https://m.media-amazon.com/images/I/41KsUW-6WOL._SL500_.jpg" alt="Product Image"></a><p>The Original Leather Recoloring Balm by Furniture Clinic - 16 Colors - Leather Repair Kit for Furniture - Restore Couches, Car Seats & More - Leather Dye for Scratched and Faded Leather (Beige)</p><p>$29.95</p><a href="https://www.amazon.com/dp/B00FOKOKMU?tag=eloabder-20&linkCode=osi&th=1&psc=1">View Product</a></div>


<div class="product"><a href="https://www.amazon.com/dp/B0BQX6CPLS?tag=eloabder-20&linkCode=osi&th=1&psc=1"><img src="https://m.media-amazon.com/images/I/51OtuHOIJpL._SL500_.jpg" alt="Product Image"></a><p>Dry Stop Fire Spray by Prepared Hero - 8 Pack - Portable Fire Extinguisher for Home, Car, Garage, Kitchen - Works on Electrical, Grease, Battery Fires & More - Compact, Easy to Use</p><p>$143.99</p><a href="https://www.amazon.com/dp/B0BQX6CPLS?tag=eloabder-20&linkCode=osi&th=1&psc=1">View Product</a></div><div class="product"><a href="https://www.amazon.com/dp/B0BQX76B9K?tag=eloabder-20&linkCode=osi&th=1&psc=1"><img src="https://m.media-amazon.com/images/I/51iHCSuHw5L._SL500_.jpg" alt="Product Image"></a><p>Vapor Clean Fire Spray by Prepared Hero - 8 Pack - Portable Fire Extinguisher for Home, Car, Garage, Kitchen - Works on Electrical, Grease, Battery Fires & More - Compact, Easy to Use</p><p>$143.99</p><a href="https://www.amazon.com/dp/B0BQX76B9K?tag=eloabder-20&linkCode=osi&th=1&psc=1">View Product</a></div><div class="product"><a href="https://www.amazon.com/dp/B0C32NVZJZ?tag=eloabder-20&linkCode=osi&th=1&psc=1"><img src="https://m.media-amazon.com/images/I/61coxTM3mSL._SL500_.jpg" alt="Product Image"></a><p>Houandg Water-Based Fire Extinguisher- 2 Pack Portable Solution for All Fire Types in Homes, Vehicles, Kitchens - Prevents Re-Ignition</p><p>$33.98</p><a href="https://www.amazon.com/dp/B0C32NVZJZ?tag=eloabder-20&linkCode=osi&th=1&psc=1">View Product</a></div>
<div class="product"><a href="https://www.amazon.com/dp/B00L3W1OAO?tag=eloabder-20&linkCode=osi&th=1&psc=1"><img src="https://m.media-amazon.com/images/I/414uILMLuaL._SL500_.jpg" alt="Product Image"></a><p>Pro F/X Rubber Mask Grease Wheel - 1 Ounce - Trauma</p><p>$27.01</p><a href="https://www.amazon.com/dp/B00L3W1OAO?tag=eloabder-20&linkCode=osi&th=1&psc=1">View Product</a></div>
<div class="product"><a href="https://www.amazon.com/dp/B0CZ16SHCH?tag=eloabder-20&linkCode=osi&th=1&psc=1"><img src="https://m.media-amazon.com/images/I/31pYxaz4gYL._SL500_.jpg" alt="Product Image"></a><p>P & S PROFESSIONAL DETAIL PRODUCTS - Rehab - Paint Correction Creme Safe for All Paint Types and with Multiple pad Types - Easy-to-use-Formula Works at Any Stage of Paint Correction - 1 Quart</p><p>$56.95</p><a href="https://www.amazon.com/dp/B0CZ16SHCH?tag=eloabder-20&linkCode=osi&th=1&psc=1">View Product</a></div><div class="product"><a href="https://www.amazon.com/dp/B082BG8HLX?tag=eloabder-20&linkCode=osi&th=1&psc=1"><img src="https://m.media-amazon.com/images/I/31OAXbv7QFL._SL500_.jpg" alt="Product Image"></a><p>Lithium Auto Elixirs Color Crush- A rather intense approach to an Instant Detailer, Infused with color enhancing technology - Extremely Hydrophobic ingredients, long lasting Instant Detailer</p><p>$19.95 ($1.25 / Fl Oz)</p><a href="https://www.amazon.com/dp/B082BG8HLX?tag=eloabder-20&linkCode=osi&th=1&psc=1">View Product</a></div><div class="product"><a href="https://www.amazon.com/dp/B07MTPWZ76?tag=eloabder-20&linkCode=osi&th=1&psc=1"><img src="https://m.media-amazon.com/images/I/41v5yubrqoL._SL500_.jpg" alt="Product Image"></a><p>Lithium Seal and Squeal Paint Sealant/Polish - Incredible Shine and Lasting Protection - Curable Amino Functional Polymers Fused with Si02 Ceramic Nano Technology -Lasts for up to 12 Months (16 oz)</p><p>$39.99 ($2.50 / Ounce)</p><a href="https://www.amazon.com/dp/B07MTPWZ76?tag=eloabder-20&linkCode=osi&th=1&psc=1">View Product</a></div><div class="product"><a href="https://www.amazon.com/dp/B07MVNX377?tag=eloabder-20&linkCode=osi&th=1&psc=1"><img src="https://m.media-amazon.com/images/I/31gEqFf7rhL._SL500_.jpg" alt="Product Image"></a><p>Leather Love - The Best Leather Conditioner On The Planet, Brings Old Leather Back To Life, All Natural Ingredients Mixed With Serious Science, Restores, Rehydrates, Protects (8oz)</p><p>$28.99 ($3.62 / Ounce)</p><a href="https://www.amazon.com/dp/B07MVNX377?tag=eloabder-20&linkCode=osi&th=1&psc=1">View Product</a></div><div class="product"><a href="https://www.amazon.com/dp/B07MTQP514?tag=eloabder-20&linkCode=osi&th=1&psc=1"><img src="https://m.media-amazon.com/images/I/311IYwH-oaL._SL500_.jpg" alt="Product Image"></a><p>Trim Serum- Plastic Restorer- Restores Even the Most Damaged Plastic, Rubber and Vinyl, Last For Months, Penetrates Plastic Pores Restoring Color. (16 Oz)</p><p>$36.99</p><a href="https://www.amazon.com/dp/B07MTQP514?tag=eloabder-20&linkCode=osi&th=1&psc=1">View Product</a></div><div class="product"><a href="https://www.amazon.com/dp/B07236X7TS?tag=eloabder-20&linkCode=osi&th=1&psc=1"><img src="https://m.media-amazon.com/images/I/51-mgxYD9kL._SL500_.jpg" alt="Product Image"></a><p>Skidmore's Biker Edition Leather Cream | All Natural Formula Cleans, Conditions, and Protects your Motorcycle | Made in USA</p><p>$44.98</p><a href="https://www.amazon.com/dp/B07236X7TS?tag=eloabder-20&linkCode=osi&th=1&psc=1">View Product</a></div><div class="product"><a href="https://www.amazon.com/dp/B001CS6HH4?tag=eloabder-20&linkCode=osi&th=1&psc=1"><img src="https://m.media-amazon.com/images/I/41wY0SB+DWL._SL500_.jpg" alt="Product Image"></a><p>Fiebing's Yellow Saddle Soap for Leather (3.5 oz Tin) - Leather Cleaner & Conditioner to Soften, Protect & Restore Leathercraft - Leather Soap for Car Seat, Couch, Shoe, Purse, Boot, Bag, & Saddles</p><p>$7.15 ($2.04 / Ounce)</p><a href="https://www.amazon.com/dp/B001CS6HH4?tag=eloabder-20&linkCode=osi&th=1&psc=1">View Product</a></div><div class="product"><a href="https://www.amazon.com/dp/B08RHZ1BKD?tag=eloabder-20&linkCode=osi&th=1&psc=1"><img src="https://m.media-amazon.com/images/I/21WKh31c4tL._SL500_.jpg" alt="Product Image"></a><p>Lithium Ignite After Wash - Conditions and Shines Surfaces as You Dry. Streak-Free Hydrophobic Formula adds Lubrication to Stop Micro Scratching While Surfaces pop with Color.</p><p>$21.99 ($1.37 / Fl Oz)</p><a href="https://www.amazon.com/dp/B08RHZ1BKD?tag=eloabder-20&linkCode=osi&th=1&psc=1">View Product</a></div><div class="product"><a href="https://www.amazon.com/dp/B0003A1T3E?tag=eloabder-20&linkCode=osi&th=1&psc=1"><img src="https://m.media-amazon.com/images/I/41042PKJ1ZL._SL500_.jpg" alt="Product Image"></a><p>URAD One step All-In-One Leather conditioner 140g - NEUTRAL</p><p>$16.13</p><a href="https://www.amazon.com/dp/B0003A1T3E?tag=eloabder-20&linkCode=osi&th=1&psc=1">View Product</a></div>

<div class="product"><a href="https://www.amazon.com/dp/B0B3NFH3QY?tag=eloabder-20&linkCode=osi&th=1&psc=1"><img src="https://m.media-amazon.com/images/I/51sKVZnP-WL._SL500_.jpg" alt="Product Image"></a><p>Little Joe 96427-6PK I Love Hockey New Car Scent Red Car Air Freshener A/C Vent Clip Uses Alcohol-Free Fragrance Oil is Non-Hazardous and Non-Toxic Plastic, Pack of 6</p><p>$21.99 ($3.66 / Count)</p><a href="https://www.amazon.com/dp/B0B3NFH3QY?tag=eloabder-20&linkCode=osi&th=1&psc=1">View Product</a></div><div class="product"><a href="https://www.amazon.com/dp/B072275K82?tag=eloabder-20&linkCode=osi&th=1&psc=1"><img src="https://m.media-amazon.com/images/I/41wDnF6SiAL._SL500_.jpg" alt="Product Image"></a><p>Little Joe 96404-6PK Fruit Scent, Car Air Freshener, Clips to A/C Air Vent, Alcohol-Free Fragrance Oil, Non-Hazardous and Non-Toxic Plastic, Set of 6</p><p>$16.60 ($2.77 / Count)</p><a href="https://www.amazon.com/dp/B072275K82?tag=eloabder-20&linkCode=osi&th=1&psc=1">View Product</a></div><div class="product"><a href="https://www.amazon.com/dp/B0CQPQ2S4W?tag=eloabder-20&linkCode=osi&th=1&psc=1"><img src="https://m.media-amazon.com/images/I/31iRknmvjeL._SL500_.jpg" alt="Product Image"></a><p>Little Pup 96613 Blue Raspberry Slushy Scent Car Air Freshener A/C Vent Clip Uses Alcohol-Free Fragrance Oil is Non Hazardous and Non Toxic, Pack of 1</p><p>$3.94</p><a href="https://www.amazon.com/dp/B0CQPQ2S4W?tag=eloabder-20&linkCode=osi&th=1&psc=1">View Product</a></div><div class="product"><a href="https://www.amazon.com/dp/B0CQPNMTM4?tag=eloabder-20&linkCode=osi&th=1&psc=1"><img src="https://m.media-amazon.com/images/I/41eEovL+zML._SL500_.jpg" alt="Product Image"></a><p>Little Joe 96414-6PK Orange Creamsicle Scent Car Air Freshener A/C Vent Clip Uses Alcohol-Free Fragrance Oil is Non-Hazardous and Non-Toxic Plastic, Pack of 6</p><p>$25.99 ($4.33 / Count)</p><a href="https://www.amazon.com/dp/B0CQPNMTM4?tag=eloabder-20&linkCode=osi&th=1&psc=1">View Product</a></div><div class="product"><a href="https://www.amazon.com/dp/B0CH9KNNZN?tag=eloabder-20&linkCode=osi&th=1&psc=1"><img src="https://m.media-amazon.com/images/I/41jX66PGMTL._SL500_.jpg" alt="Product Image"></a><p>TAKAVU Clay Bars Auto Detailing 2 Pack X 100g, Premium Grade Material, Magic Clay Bar Cleaner for Cars, RV, Boat and Bus (Grey)</p><p>$9.99</p><a href="https://www.amazon.com/dp/B0CH9KNNZN?tag=eloabder-20&linkCode=osi&th=1&psc=1">View Product</a></div>

<div class="product"><a href="https://www.amazon.com/dp/B004UM6DLE?tag=eloabder-20&linkCode=osi&th=1&psc=1"><img src="https://m.media-amazon.com/images/I/314nawyx6sL._SL500_.jpg" alt="Product Image"></a><p>CARPRO IronX Iron Remover: Stops Rust Spots and Pre-Mature Failure of The Clear Coat, Iron Contaminant Removal - 500mL with Sprayer (17oz)</p><p>$26.78</p><a href="https://www.amazon.com/dp/B004UM6DLE?tag=eloabder-20&linkCode=osi&th=1&psc=1">View Product</a></div><div class="product"><a href="https://www.amazon.com/dp/B01HXZXO98?tag=eloabder-20&linkCode=osi&th=1&psc=1"><img src="https://m.media-amazon.com/images/I/41Ne9OfQGzL._SL500_.jpg" alt="Product Image"></a><p>Chemical Guys CWS80316 Clean Slate Deep Surface Cleaning Car Wash Soap (Removes Old Car Waxes, Glazes & Sealants for Superior Surface Prep), 16 fl oz, Citrus Scent</p><p>$11.99 ($0.75 / Fl Oz)</p><a href="https://www.amazon.com/dp/B01HXZXO98?tag=eloabder-20&linkCode=osi&th=1&psc=1">View Product</a></div><div class="product"><a href="https://www.amazon.com/dp/B07C39H9YX?tag=eloabder-20&linkCode=osi&th=1&psc=1"><img src="https://m.media-amazon.com/images/I/31yK3Vb5xWL._SL500_.jpg" alt="Product Image"></a><p>Adam's Polishes Iron Remover (16oz) - Iron Out Fallout Rust Remover Spray for Car Detailing | Remove Iron Particles in Car Paint, Motorcycle, RV & Boat | Use Before Clay Bar, Car Wax or Car Wash</p><p>$16.99</p><a href="https://www.amazon.com/dp/B07C39H9YX?tag=eloabder-20&linkCode=osi&th=1&psc=1">View Product</a></div><div class="product"><a href="https://www.amazon.com/dp/B0BTJ9DJM5?tag=eloabder-20&linkCode=osi&th=1&psc=1"><img src="https://m.media-amazon.com/images/I/41tNMqlDrxL._SL500_.jpg" alt="Product Image"></a><p>Torque Detail Decon Wash Pack - Decontamination Soap 8oz + Wash Mitt - Surface Strip Wash Car Shampoo - Highly Absorbent Microfiber Chenille Car Wash Mitt Safely Cleans Your Vehicles Entire Surface</p><p>$24.95 ($3.12 / Fl Oz)</p><a href="https://www.amazon.com/dp/B0BTJ9DJM5?tag=eloabder-20&linkCode=osi&th=1&psc=1">View Product</a></div><div class="product"><a href="https://www.amazon.com/dp/B013K5V9PQ?tag=eloabder-20&linkCode=osi&th=1&psc=1"><img src="https://m.media-amazon.com/images/I/41V3rm6NlZL._SL500_.jpg" alt="Product Image"></a><p>CARPRO PolyShave Decon Towel - Car Detailing Clay Decontamination Faster than Clay Bar, Clean & Release of Paint Contaminants and Glass - Increase Wax and Sealant Bond - 12" x 12" (1 Pack)</p><p>$39.97</p><a href="https://www.amazon.com/dp/B013K5V9PQ?tag=eloabder-20&linkCode=osi&th=1&psc=1">View Product</a></div><div class="product"><a href="https://www.amazon.com/dp/B0B788NBWG?tag=eloabder-20&linkCode=osi&th=1&psc=1"><img src="https://m.media-amazon.com/images/I/51NDfAOuEmL._SL500_.jpg" alt="Product Image"></a><p>P & S Professional Detail Products - Clay Decontamination Towel - Effective Cleaning & Release of Paint Contaminants; Increase Wax & Sealant Bond; Enhance Gloss & Depth of Color; Fine Grade-12" x 12"</p><p>$34.95</p><a href="https://www.amazon.com/dp/B0B788NBWG?tag=eloabder-20&linkCode=osi&th=1&psc=1">View Product</a></div><div class="product"><a href="https://www.amazon.com/dp/B0B27TFK69?tag=eloabder-20&linkCode=osi&th=1&psc=1"><img src="https://m.media-amazon.com/images/I/41zJPQIcqeL._SL500_.jpg" alt="Product Image"></a><p>The Rag Company - Ultra Clay Decontamination Mitt - Easy to Use; Effective Cleaning & Release of Paint Contaminants; Increase Wax & Sealant Bond; Enhance Gloss &Color Depth; Fine Grade (8.7"x5.7")</p><p>$34.95</p><a href="https://www.amazon.com/dp/B0B27TFK69?tag=eloabder-20&linkCode=osi&th=1&psc=1">View Product</a></div><div class="product"><a href="https://www.amazon.com/dp/B0C6XBN14N?tag=eloabder-20&linkCode=osi&th=1&psc=1"><img src="https://m.media-amazon.com/images/I/31BSavOJ89L._SL500_.jpg" alt="Product Image"></a><p>3D Iron Remover GLW Series | DIY Car Detailing | Hyper Effective Wheel Decontamination | Removes Iron Particles, Dirt, Brake Dust | Rapid Results | Ultimate Iron & Surface Contaminate Eliminator, 16oz</p><p>$17.99</p><a href="https://www.amazon.com/dp/B0C6XBN14N?tag=eloabder-20&linkCode=osi&th=1&psc=1">View Product</a></div>







<div class="product"><a href="https://www.amazon.com/dp/B0D2SPCW3G?tag=eloabder-20&linkCode=osi&th=1&psc=1"><img src="https://m.media-amazon.com/images/I/41JYIg6xqqL._SL500_.jpg" alt="Product Image"></a><p>Crankcase Ventilation Oil Separator with Gasket Compatible for 2008-2014 Volvo Mack D13 D16 MP8 Engine Replace 21122541 20499419</p><p>$155.99</p><a href="https://www.amazon.com/dp/B0D2SPCW3G?tag=eloabder-20&linkCode=osi&th=1&psc=1">View Product</a></div>

<div class="product"><a href="https://www.amazon.com/dp/B0C6M2FHGX?tag=eloabder-20&linkCode=osi&th=1&psc=1"><img src="https://m.media-amazon.com/images/I/21wWRrpHdbL._SL500_.jpg" alt="Product Image"></a><p>eMagTech 9PCS Warning Sign Please No Smoking Vaping Food Drink Stickers 110x50mm Self-Adhesive Vinyl Window Decal for Car Taxis Buses Minibuses</p><p>$9.49</p><a href="https://www.amazon.com/dp/B0C6M2FHGX?tag=eloabder-20&linkCode=osi&th=1&psc=1">View Product</a></div>

Aucun résultat trouvé.

<div class="product"><a href="https://www.amazon.com/dp/B0CVWZZMRY?tag=eloabder-20&linkCode=osi&th=1&psc=1"><img src="https://m.media-amazon.com/images/I/512y-1GwQNL._SL500_.jpg" alt="Product Image"></a><p>Jewkot 4 PCS Car Wiper Strip, 28" Boneless Structure Car Windshield Cleaning Wiper Strip, DIY Length Auxiliary Cleaning Replacement Accessory, Suitable for Most Cars, Vans, Trucks, Buses (Black)</p><p>$5.58</p><a href="https://www.amazon.com/dp/B0CVWZZMRY?tag=eloabder-20&linkCode=osi&th=1&psc=1">View Product</a></div>
<div class="product"><a href="https://www.amazon.com/dp/B07L3VQC6W?tag=eloabder-20&linkCode=osi&th=1&psc=1"><img src="https://m.media-amazon.com/images/I/41GebP+2HYL._SL500_.jpg" alt="Product Image"></a><p>BRISA VW Collection Volkswagen Air Freshener, Room Freshener, Deodorizer for Cars T1 Bus Campervan Motif (Citrus/Yellow/Set of 2)</p><p>$13.90 ($6.95 / Count)</p><a href="https://www.amazon.com/dp/B07L3VQC6W?tag=eloabder-20&linkCode=osi&th=1&psc=1">View Product</a></div><div class="product"><a href="https://www.amazon.com/dp/B07L3V86JS?tag=eloabder-20&linkCode=osi&th=1&psc=1"><img src="https://m.media-amazon.com/images/I/41TblWhKhQL._SL500_.jpg" alt="Product Image"></a><p>BRISA VW Collection Volkswagen Air Freshener, Room Freshener, Deodorizer for Cars T1 Bus Campervan Motif (New Car/Green/Set of 2)</p><p>$13.90 ($6.95 / Count)</p><a href="https://www.amazon.com/dp/B07L3V86JS?tag=eloabder-20&linkCode=osi&th=1&psc=1">View Product</a></div>


Aucun résultat trouvé.










<div class="product"><a href="https://www.amazon.com/dp/B099HL5SV2?tag=eloabder-20&linkCode=osi&th=1&psc=1"><img src="https://m.media-amazon.com/images/I/31kcR8HnylL._SL500_.jpg" alt="Product Image"></a><p>Philips GoPure GP5212 High Performance HEPA Air Purifier for Car, Removes up to 100 Pollutants, Exhaust Fumes, VOCs, Smoke, Bad Odors, Bacteria and Viruses</p><p>$77.59</p><a href="https://www.amazon.com/dp/B099HL5SV2?tag=eloabder-20&linkCode=osi&th=1&psc=1">View Product</a></div><div class="product"><a href="https://www.amazon.com/dp/B07TB419F7?tag=eloabder-20&linkCode=osi&th=1&psc=1"><img src="https://m.media-amazon.com/images/I/41l9XK-u-eL._SL500_.jpg" alt="Product Image"></a><p>Enoch Ionic Car Air Purifier with Dual USB Car Charger. Car Air Freshener Eliminates Odor, Dust. Removes Smoke, Pet and Food Odor. Ionic Ozone Car Deodorizer (Matt Black)</p><p>$24.50</p><a href="https://www.amazon.com/dp/B07TB419F7?tag=eloabder-20&linkCode=osi&th=1&psc=1">View Product</a></div><div class="product"><a href="https://www.amazon.com/dp/B08C9LKKMM?tag=eloabder-20&linkCode=osi&th=1&psc=1"><img src="https://m.media-amazon.com/images/I/41uJDRzxfrL._SL500_.jpg" alt="Product Image"></a><p>4WDKING Car Air Purifier Ionizer, 12V Plug-in Car Air Freshener Gadgets with Dual USB Charger Removes Cigarette Smoke, Pet and Food Odor, Ionic Ozone (Black)</p><p>$22.99</p><a href="https://www.amazon.com/dp/B08C9LKKMM?tag=eloabder-20&linkCode=osi&th=1&psc=1">View Product</a></div><div class="product"><a href="https://www.amazon.com/dp/B07C7D366L?tag=eloabder-20&linkCode=osi&th=1&psc=1"><img src="https://m.media-amazon.com/images/I/51GvjMcOskL._SL500_.jpg" alt="Product Image"></a><p>Car Air Purifier Ionizer - 12V Plug-in Ionic Anti-Microbial Car Deodorizer with Dual USB Charger - Smoke Smell, Pet and Food Odors, Allergens, Viruses Eliminator for Car (Matte Silver)</p><p>$24.99</p><a href="https://www.amazon.com/dp/B07C7D366L?tag=eloabder-20&linkCode=osi&th=1&psc=1">View Product</a></div><div class="product"><a href="https://www.amazon.com/dp/B086H3FW7T?tag=eloabder-20&linkCode=osi&th=1&psc=1"><img src="https://m.media-amazon.com/images/I/51FfQTz4koL._SL500_.jpg" alt="Product Image"></a><p>bmbu 1000g Large Bamboo Charcoal Air Purifier Bag - Car Deodorizer/Car Freshener - Remove Odor and Control Moisture in Your RV, Camper, SUV, Car, Truck, Closet, Mobile Home, Storage - Non Fragrant</p><p>$22.99 ($0.65 / Ounce)</p><a href="https://www.amazon.com/dp/B086H3FW7T?tag=eloabder-20&linkCode=osi&th=1&psc=1">View Product</a></div><div class="product"><a href="https://www.amazon.com/dp/B019NXUJ5K?tag=eloabder-20&linkCode=osi&th=1&psc=1"><img src="https://m.media-amazon.com/images/I/31grLw6pdUL._SL500_.jpg" alt="Product Image"></a><p>PURGGO Car Air Freshener - Lasts 365+ Days No Chemicals 100% Activated Bamboo Charcoal Fragrance-Free Deodorizer, Natural Auto Odor Eliminator, Purifier, Neutralizer, Absorb Smoke Smell</p><p>$25.99</p><a href="https://www.amazon.com/dp/B019NXUJ5K?tag=eloabder-20&linkCode=osi&th=1&psc=1">View Product</a></div><div class="product"><a href="https://www.amazon.com/dp/B0CT5TBKH5?tag=eloabder-20&linkCode=osi&th=1&psc=1"><img src="https://m.media-amazon.com/images/I/41UB7n6FuwL._SL500_.jpg" alt="Product Image"></a><p>Timgle 1 Pack Car Air Freshener, Lasts 365+ Days, No Chemicals 100% Activated Bamboo Charcoal Fragrance, Free Deodorizer, Natural Auto Odor Eliminator, Purifier, Neutralizer (Khaki Strap)</p><p>$10.99</p><a href="https://www.amazon.com/dp/B0CT5TBKH5?tag=eloabder-20&linkCode=osi&th=1&psc=1">View Product</a></div><div class="product"><a href="https://www.amazon.com/dp/B00V4049K2?tag=eloabder-20&linkCode=osi&th=1&psc=1"><img src="https://m.media-amazon.com/images/I/51rLLMGOc6L._SL500_.jpg" alt="Product Image"></a><p>PURGGO Car Air Freshener - Auto Odor Eliminator - 100% Activated Bamboo Charcoal Air Purifier, Ionizer - Absorb and Remove Smoke Smell - Fragrance-Free Deodorizer - Lasts 365+ Days [Classic Beige]</p><p>$25.99</p><a href="https://www.amazon.com/dp/B00V4049K2?tag=eloabder-20&linkCode=osi&th=1&psc=1">View Product</a></div>








<div class="product"><a href="https://www.amazon.com/dp/B00RYGK12K?tag=eloabder-20&linkCode=osi&th=1&psc=1"><img src="https://m.media-amazon.com/images/I/51RdEyCkvuL._SL500_.jpg" alt="Product Image"></a><p>Little Trees Cardboard Hanging Car, Home & Office Air Freshener, Summer Linen (Pack of 12)</p><p>$11.82 ($0.98 / Count)</p><a href="https://www.amazon.com/dp/B00RYGK12K?tag=eloabder-20&linkCode=osi&th=1&psc=1">View Product</a></div><div class="product"><a href="https://www.amazon.com/dp/B00LM54ZD0?tag=eloabder-20&linkCode=osi&th=1&psc=1"><img src="https://m.media-amazon.com/images/I/41YuRNweefL._SL500_.jpg" alt="Product Image"></a><p>LITTLE TREES Air Fresheners Car Air Freshener. Hanging Tree Provides Long Lasting Scent for Auto or Home. Black Ice, 24 Air Fresheners</p><p>$20.19 ($0.84 / Count)</p><a href="https://www.amazon.com/dp/B00LM54ZD0?tag=eloabder-20&linkCode=osi&th=1&psc=1">View Product</a></div><div class="product"><a href="https://www.amazon.com/dp/B09BB4V1Y8?tag=eloabder-20&linkCode=osi&th=1&psc=1"><img src="https://m.media-amazon.com/images/I/51AKMdDLO-L._SL500_.jpg" alt="Product Image"></a><p>DRIVEJOY Car Air Freshener Vent Clips, 8 PK, 6 Ocean, 2 New Car Scent, Car Fresheners for Men Women, Up to 240 Days, Long Lasting Air Freshener for Car, Odor Eliminator</p><p>$9.98 ($9.60 / Fl Oz)</p><a href="https://www.amazon.com/dp/B09BB4V1Y8?tag=eloabder-20&linkCode=osi&th=1&psc=1">View Product</a></div><div class="product"><a href="https://www.amazon.com/dp/B078JWRLYT?tag=eloabder-20&linkCode=osi&th=1&psc=1"><img src="https://m.media-amazon.com/images/I/41shbIl-LEL._SL500_.jpg" alt="Product Image"></a><p>California Scents Air Freshener 4-Pack Car Air Freshener (Coronado Cherry)</p><p>$12.88 ($2.15 / Ounce)</p><a href="https://www.amazon.com/dp/B078JWRLYT?tag=eloabder-20&linkCode=osi&th=1&psc=1">View Product</a></div><div class="product"><a href="https://www.amazon.com/dp/B0CW4CJWW9?tag=eloabder-20&linkCode=osi&th=1&psc=1"><img src="https://m.media-amazon.com/images/I/417lKQ0MXPL._SL500_.jpg" alt="Product Image"></a><p>Karma, Essential Oil Air Freshener for Cars Set of 2, Home & Office - Colorful Decorative Hanging Air Freshener with Tassel, Buttercup Vanilla Scented</p><p>$8.40 ($4.20 / Count)</p><a href="https://www.amazon.com/dp/B0CW4CJWW9?tag=eloabder-20&linkCode=osi&th=1&psc=1">View Product</a></div><div class="product"><a href="https://www.amazon.com/dp/B00AYCXL2I?tag=eloabder-20&linkCode=osi&th=1&psc=1"><img src="https://m.media-amazon.com/images/I/5165h10nKbL._SL500_.jpg" alt="Product Image"></a><p>Febreze Car Air Fresheners, New Car Scent, Odor Eliminator for Strong Odors Car Vent Clips (2 Count)</p><p>$9.98 ($4.99 / Count)</p><a href="https://www.amazon.com/dp/B00AYCXL2I?tag=eloabder-20&linkCode=osi&th=1&psc=1">View Product</a></div><div class="product"><a href="https://www.amazon.com/dp/B01LZ0N1MJ?tag=eloabder-20&linkCode=osi&th=1&psc=1"><img src="https://m.media-amazon.com/images/I/41J5LJGof9L._SL500_.jpg" alt="Product Image"></a><p>LITTLE TREES Car Air Freshener | Hanging Paper Tree for Home or Car | New Car Scent | 12 Pack</p><p>$11.70 ($0.98 / Count)</p><a href="https://www.amazon.com/dp/B01LZ0N1MJ?tag=eloabder-20&linkCode=osi&th=1&psc=1">View Product</a></div><div class="product"><a href="https://www.amazon.com/dp/B0C2Q2VGPZ?tag=eloabder-20&linkCode=osi&th=1&psc=1"><img src="https://m.media-amazon.com/images/I/413gckSL1EL._SL500_.jpg" alt="Product Image"></a><p>Savage Disposable Card Freshener for Men | Car Scents Air Freshener with Sauvage Fragrance | Strong Car Perfume Air Freshener with Odour Eliminating Technology | Suvage by Perfa</p><p>$6.99</p><a href="https://www.amazon.com/dp/B0C2Q2VGPZ?tag=eloabder-20&linkCode=osi&th=1&psc=1">View Product</a></div>




<div class="product"><a href="https://www.amazon.com/dp/B06WVL7YSG?tag=eloabder-20&linkCode=osi&th=1&psc=1"><img src="https://m.media-amazon.com/images/I/51fO0NuM6nL._SL500_.jpg" alt="Product Image"></a><p>Meguiar's Quik Scratch Eraser Kit, Car Scratch Remover for Repairing Surface Blemishes, Car Care Kit with ScratchX, Drill-Mounted Pad, and Microfiber Towel, 3 Count</p><p>$17.97</p><a href="https://www.amazon.com/dp/B06WVL7YSG?tag=eloabder-20&linkCode=osi&th=1&psc=1">View Product</a></div><div class="product"><a href="https://www.amazon.com/dp/B00P67GSRG?tag=eloabder-20&linkCode=osi&th=1&psc=1"><img src="https://m.media-amazon.com/images/I/41R-vt8tcnL._SL500_.jpg" alt="Product Image"></a><p>Chemical Guys GAP_VKIT_16 V Line Polish and Compound Kit For Light to Heavy Swirls & Scratches (Safe for Cars, Trucks, SUVs, RVs, Motorcycles, & More) 4 - 16 fl oz Items</p><p>$69.99</p><a href="https://www.amazon.com/dp/B00P67GSRG?tag=eloabder-20&linkCode=osi&th=1&psc=1">View Product</a></div>
<div class="product"><a href="https://www.amazon.com/dp/B0BQ1CPLSQ?tag=eloabder-20&linkCode=osi&th=1&psc=1"><img src="https://m.media-amazon.com/images/I/41ikSNNgp5L._SL500_.jpg" alt="Product Image"></a><p>PROPER DETAILING CO. Car Detailing Kit Interior Cleaner, Get Professional Results - Car Interior Cleaning Kit includes 16 oz. interior cleaner, premium boars hair detail brush, and 2 microfiber towels</p><p>$23.99</p><a href="https://www.amazon.com/dp/B0BQ1CPLSQ?tag=eloabder-20&linkCode=osi&th=1&psc=1">View Product</a></div>






<div class="product"><a href="https://www.amazon.com/dp/B004VG6SWS?tag=eloabder-20&linkCode=osi&th=1&psc=1"><img src="https://m.media-amazon.com/images/I/31M54KTIo2L._SL500_.jpg" alt="Product Image"></a><p>3M Scotchgard Clear Paint Protection Bulk Film Roll 12-by-72-inches</p><p>$38.00</p><a href="https://www.amazon.com/dp/B004VG6SWS?tag=eloabder-20&linkCode=osi&th=1&psc=1">View Product</a></div><div class="product"><a href="https://www.amazon.com/dp/B073X7WF5J?tag=eloabder-20&linkCode=osi&th=1&psc=1"><img src="https://m.media-amazon.com/images/I/41PIPchJvFL._SL500_.jpg" alt="Product Image"></a><p>VViViD 3M Clear Paint Protection Vinyl Film 6 Inch x 25 Inch</p><p>$9.99</p><a href="https://www.amazon.com/dp/B073X7WF5J?tag=eloabder-20&linkCode=osi&th=1&psc=1">View Product</a></div>

<div class="product"><a href="https://www.amazon.com/dp/B09VLKQY83?tag=eloabder-20&linkCode=osi&th=1&psc=1"><img src="https://m.media-amazon.com/images/I/41HrqrTIGUL._SL500_.jpg" alt="Product Image"></a><p>Charcoal 2PLY Nano Ceramic 20% VLT Car Tint 36 in x 25 FT Professional Window Tint Heat, UV 99%, and IRR 85% to 90% Tint for Cars or Building Adhesive Film Easy Shrink, Plotter Friendly</p><p>$56.95 ($0.76 / Sq Ft)</p><a href="https://www.amazon.com/dp/B09VLKQY83?tag=eloabder-20&linkCode=osi&th=1&psc=1">View Product</a></div><div class="product"><a href="https://www.amazon.com/dp/B000CAM2ZO?tag=eloabder-20&linkCode=osi&th=1&psc=1"><img src="https://m.media-amazon.com/images/I/31zB99KwKWL._SL500_.jpg" alt="Product Image"></a><p>Black Magic 5060107 Professional Anti-Heat Layer Tint Film, 5% VLT, 24-Inches x 78-Inches</p><p>$20.26 ($1.56 / Sq Ft)</p><a href="https://www.amazon.com/dp/B000CAM2ZO?tag=eloabder-20&linkCode=osi&th=1&psc=1">View Product</a></div>

<div class="product"><a href="https://www.amazon.com/dp/B081T7N948?tag=eloabder-20&linkCode=osi&th=1&psc=1"><img src="https://m.media-amazon.com/images/I/41q0eWfEB3L._SL500_.jpg" alt="Product Image"></a><p>PULIDIKI Car Cleaning Gel Universal Detailing Kit Automotive Dust Car Crevice Cleaner Slime Auto Air Vent Interior Detail Removal for Car Putty Cleaning Keyboard Cleaner Car Accessories Blue</p><p>$5.94</p><a href="https://www.amazon.com/dp/B081T7N948?tag=eloabder-20&linkCode=osi&th=1&psc=1">View Product</a></div><div class="product"><a href="https://www.amazon.com/dp/B0CRKX3D9J?tag=eloabder-20&linkCode=osi&th=1&psc=1"><img src="https://m.media-amazon.com/images/I/51aymO4P7aL._SL500_.jpg" alt="Product Image"></a><p>PULIDIKI Car Cleaning Gel for Car Cleaning Putty Car Putty Auto Detailing Tools Car Slime Cleaner Dust Cleaning Gel for Car Interior Cleaner Car Accessories Keyboard Cleaner Blue (2Pack)</p><p>$9.99</p><a href="https://www.amazon.com/dp/B0CRKX3D9J?tag=eloabder-20&linkCode=osi&th=1&psc=1">View Product</a></div><div class="product"><a href="https://www.amazon.com/dp/B0988X73FW?tag=eloabder-20&linkCode=osi&th=1&psc=1"><img src="https://m.media-amazon.com/images/I/51qQkFSZAIL._SL500_.jpg" alt="Product Image"></a><p>TICARVE Car Cleaning Gel Detailing Putty Car Putty Auto Detailing Tools Car Interior Cleaner Cleaning Slime Car Accessories Keyboard Cleaner Rose/NT WT: 5.6 oz (160 gr)</p><p>$6.98</p><a href="https://www.amazon.com/dp/B0988X73FW?tag=eloabder-20&linkCode=osi&th=1&psc=1">View Product</a></div><div class="product"><a href="https://www.amazon.com/dp/B08RDNV8KQ?tag=eloabder-20&linkCode=osi&th=1&psc=1"><img src="https://m.media-amazon.com/images/I/51DwR48ghvL._SL500_.jpg" alt="Product Image"></a><p>TICARVE Cleaning Gel for Car Detailing Car Vent Cleaner Cleaning Putty Gel Auto Car Interior Cleaner Dust Cleaning Mud for Cars and Keyboard Cleaner Cleaning Slime Purple</p><p>$6.99</p><a href="https://www.amazon.com/dp/B08RDNV8KQ?tag=eloabder-20&linkCode=osi&th=1&psc=1">View Product</a></div><div class="product"><a href="https://www.amazon.com/dp/B07SBNH48K?tag=eloabder-20&linkCode=osi&th=1&psc=1"><img src="https://m.media-amazon.com/images/I/51MyrDaYquL._SL500_.jpg" alt="Product Image"></a><p>COLORCORAL Cleaning Gel for Car Universal Gel Cleaner Auto Detailing Car Vent Keyboard Cleaning Putty Car Interior Cleaner Dashboard Dust Remover Putty Auto Duster Cleaning Kit 160G</p><p>$6.99</p><a href="https://www.amazon.com/dp/B07SBNH48K?tag=eloabder-20&linkCode=osi&th=1&psc=1">View Product</a></div><div class="product"><a href="https://www.amazon.com/dp/B0D1CB8RP2?tag=eloabder-20&linkCode=osi&th=1&psc=1"><img src="https://m.media-amazon.com/images/I/51MPeMNItzL._SL500_.jpg" alt="Product Image"></a><p>ALIOBC Car Cleaning Gel, Keyboard Cleaner Cleaning Putty for Car Interior Car Slime Cleaner Dust Cleaning Gel Car Putty for Cleaning Car Gel Cleaner Blue NT.WT.: 5.6 oz (160 g)</p><p>$6.99</p><a href="https://www.amazon.com/dp/B0D1CB8RP2?tag=eloabder-20&linkCode=osi&th=1&psc=1">View Product</a></div><div class="product"><a href="https://www.amazon.com/dp/B09995RLLH?tag=eloabder-20&linkCode=osi&th=1&psc=1"><img src="https://m.media-amazon.com/images/I/51hASKz7MnL._SL500_.jpg" alt="Product Image"></a><p>TICARVE 2Pack Cleaning Gel for Car Cleaning Putty Car Slime for Cleaning Car Detailing Putty Detail Tools Car Interior Cleaner Automotive Car Cleaning Kits Keyboard Cleaner Blue Purple (320g/11.2oz)</p><p>$7.99</p><a href="https://www.amazon.com/dp/B09995RLLH?tag=eloabder-20&linkCode=osi&th=1&psc=1">View Product</a></div><div class="product"><a href="https://www.amazon.com/dp/B0D6X5K8CY?tag=eloabder-20&linkCode=osi&th=1&psc=1"><img src="https://m.media-amazon.com/images/I/51C3FExB5RL._SL500_.jpg" alt="Product Image"></a><p>Dust Away Universal Car Cleaning Gel Automotive Detail Putty Crevice Cleaning Slime for Air Vents Interiors Keyboards Laptops & Electronics Versatile Home & Office Accessories Fresh Scent (Lime Green)</p><p>$5.88</p><a href="https://www.amazon.com/dp/B0D6X5K8CY?tag=eloabder-20&linkCode=osi&th=1&psc=1">View Product</a></div>



<div class="product"><a href="https://www.amazon.com/dp/B0D464228M?tag=eloabder-20&linkCode=osi&th=1&psc=1"><img src="https://m.media-amazon.com/images/I/315VtBe9l-L._SL500_.jpg" alt="Product Image"></a><p>Drift Car Air Freshener - Wood Air Freshener - Car Odor Eliminator - Open Air Scent Starter Kit</p><p>$11.95</p><a href="https://www.amazon.com/dp/B0D464228M?tag=eloabder-20&linkCode=osi&th=1&psc=1">View Product</a></div>
<div class="product"><a href="https://www.amazon.com/dp/B071HR14SJ?tag=eloabder-20&linkCode=osi&th=1&psc=1"><img src="https://m.media-amazon.com/images/I/41crypCefDL._SL500_.jpg" alt="Product Image"></a><p>Meguiar's Gold Class Car Wash Soap, Ultra-Rich Car Wash Soap and Conditioner for Car Cleaning, Car Wash Soap to Clean and Condition in One Easy Step, 1 Gallon Car Wash Soap</p><p>$24.99 ($0.20 / Ounce)</p><a href="https://www.amazon.com/dp/B071HR14SJ?tag=eloabder-20&linkCode=osi&th=1&psc=1">View Product</a></div><div class="product"><a href="https://www.amazon.com/dp/B085R9L9Q9?tag=eloabder-20&linkCode=osi&th=1&psc=1"><img src="https://m.media-amazon.com/images/I/41tAv1FNbZL._SL500_.jpg" alt="Product Image"></a><p>Armor All Extreme Shield Protectant Spray , Interior Car Cleaner with UV Protection Against Cracking and Fading, 16 Fl Oz</p><p>$8.98 ($0.56 / Fl Oz)</p><a href="https://www.amazon.com/dp/B085R9L9Q9?tag=eloabder-20&linkCode=osi&th=1&psc=1">View Product</a></div><div class="product"><a href="https://www.amazon.com/dp/B016NA9Y4S?tag=eloabder-20&linkCode=osi&th=1&psc=1"><img src="https://m.media-amazon.com/images/I/31oz8VJFdjL._SL500_.jpg" alt="Product Image"></a><p>Rain-X 5079281-2 Latitude 2-In-1 Wiper Blades, 26 Inch Windshield Wipers (Pack Of 1), Automotive Replacement Windshield Wiper Blades With Patented Rain-X Water Repellency Formula</p><p>$17.08</p><a href="https://www.amazon.com/dp/B016NA9Y4S?tag=eloabder-20&linkCode=osi&th=1&psc=1">View Product</a></div><div class="product"><a href="https://www.amazon.com/dp/B0D2PCCJVK?tag=eloabder-20&linkCode=osi&th=1&psc=1"><img src="https://m.media-amazon.com/images/I/41BFT-c3a9L._SL500_.jpg" alt="Product Image"></a><p>HoogaLife Car Air Freshener Diffuser – Revitalize Your Drive with Hanging Air Freshener Diffuser Aromatic Bliss On The Go(VANILLA CREAM)</p><p>$12.99 ($24.06 / Fl Oz)</p><a href="https://www.amazon.com/dp/B0D2PCCJVK?tag=eloabder-20&linkCode=osi&th=1&psc=1">View Product</a></div><div class="product"><a href="https://www.amazon.com/dp/B0D17SKCLF?tag=eloabder-20&linkCode=osi&th=1&psc=1"><img src="https://m.media-amazon.com/images/I/51VjaK8JNmL._SL500_.jpg" alt="Product Image"></a><p>AIDEA Car Wash Mitt Microfiber, 1PK-Scratch-Free& Lint-Free, Premium Chenille Microfiber Wash Mitt-Green Regular Size (7.12''X10.14'')</p><p>$5.99</p><a href="https://www.amazon.com/dp/B0D17SKCLF?tag=eloabder-20&linkCode=osi&th=1&psc=1">View Product</a></div>








<div class="product"><a href="https://www.amazon.com/dp/B00UZE8D00?tag=eloabder-20&linkCode=osi&th=1&psc=1"><img src="https://m.media-amazon.com/images/I/517VVkgvgcL._SL500_.jpg" alt="Product Image"></a><p>Chemical Guys HOL_996 Convertible Top Cleaner and Protectant Kit, 16 oz, 2 Items</p><p>$29.99</p><a href="https://www.amazon.com/dp/B00UZE8D00?tag=eloabder-20&linkCode=osi&th=1&psc=1">View Product</a></div><div class="product"><a href="https://www.amazon.com/dp/B004HCS4NW?tag=eloabder-20&linkCode=osi&th=1&psc=1"><img src="https://m.media-amazon.com/images/I/41j5b6xRqNL._SL500_.jpg" alt="Product Image"></a><p>Meguiar's Convertible Top Cleaner - Fabric Convertible Top Cleaner and Vinyl Convertible Top Cleaner in One Advanced Formula - Safely Removes Stains, Mildew, Bird Droppings, and More, 16 Oz</p><p>$6.87 ($0.43 / Ounce)</p><a href="https://www.amazon.com/dp/B004HCS4NW?tag=eloabder-20&linkCode=osi&th=1&psc=1">View Product</a></div><div class="product"><a href="https://www.amazon.com/dp/B00UZE80N0?tag=eloabder-20&linkCode=osi&th=1&psc=1"><img src="https://m.media-amazon.com/images/I/31FG83SK9SL._SL500_.jpg" alt="Product Image"></a><p>Chemical Guys SPI_193_16 Convertible Top Protectant and Repellent, (Helps Prevent Fading & Discoloration on Fabric Sot Tops) 16 fl oz (Packaging May Vary)</p><p>$19.99 ($1.25 / Fl Oz)</p><a href="https://www.amazon.com/dp/B00UZE80N0?tag=eloabder-20&linkCode=osi&th=1&psc=1">View Product</a></div><div class="product"><a href="https://www.amazon.com/dp/B00UZE8C1A?tag=eloabder-20&linkCode=osi&th=1&psc=1"><img src="https://m.media-amazon.com/images/I/31aLnXKZxfL._SL500_.jpg" alt="Product Image"></a><p>Chemical Guys ACC_S94 Convertible Top Horse Hair Cleaning Brush, Safe for Cloth Soft Tops, Upholstery, Leather, Furniture, & More</p><p>$14.99</p><a href="https://www.amazon.com/dp/B00UZE8C1A?tag=eloabder-20&linkCode=osi&th=1&psc=1">View Product</a></div><div class="product"><a href="https://www.amazon.com/dp/B000A8JNF0?tag=eloabder-20&linkCode=osi&th=1&psc=1"><img src="https://m.media-amazon.com/images/I/51PLChiVIrL._SL500_.jpg" alt="Product Image"></a><p>303 Products Convertible Fabric Top Cleaning and Care Kit - Cleans And Protects Fabric Tops - Includes Tonneau Cover And Convertible Top Cleaner 16 fl. oz. + Fabric Guard, (30520)</p><p>$32.79 ($1.02 / Fl Oz)</p><a href="https://www.amazon.com/dp/B000A8JNF0?tag=eloabder-20&linkCode=osi&th=1&psc=1">View Product</a></div>
<div class="product"><a href="https://www.amazon.com/dp/B0BCQ1XMWV?tag=eloabder-20&linkCode=osi&th=1&psc=1"><img src="https://m.media-amazon.com/images/I/41lV6Au-S9L._SL500_.jpg" alt="Product Image"></a><p>EMITHSUN® Windshield Wiper Blades Replacement for Honda Civic Coupe 2 Door 2005-2011,That Meet OEM Quality Front Wipers Blade Set for My Car-28"+24"(Set of 2)</p><p>$19.99</p><a href="https://www.amazon.com/dp/B0BCQ1XMWV?tag=eloabder-20&linkCode=osi&th=1&psc=1">View Product</a></div>
<div class="product"><a href="https://www.amazon.com/dp/B00I8ITVZG?tag=eloabder-20&linkCode=osi&th=1&psc=1"><img src="https://m.media-amazon.com/images/I/41TXd564pcL._SL500_.jpg" alt="Product Image"></a><p>ECOGARD XC36067 Premium Cabin Air Filter Fits Hyundai Genesis 2009-2016, Equus 2011-2016 | Genesis G80 2017-2021, G90 2019-2021, GV80 2021 | Kia K900 2020</p><p>$10.98</p><a href="https://www.amazon.com/dp/B00I8ITVZG?tag=eloabder-20&linkCode=osi&th=1&psc=1">View Product</a></div>

<div class="product"><a href="https://www.amazon.com/dp/B097C3NCP1?tag=eloabder-20&linkCode=osi&th=1&psc=1"><img src="https://m.media-amazon.com/images/I/41GXST2+s6L._SL500_.jpg" alt="Product Image"></a><p>Raidbee 12 inch Rear Wiper Blade Replacement for Toyota Corolla Hatchback 2022-2019, Nissan Versa 2019-2014 Back Windshield Wiper (H306/12-B)</p><p>$6.99</p><a href="https://www.amazon.com/dp/B097C3NCP1?tag=eloabder-20&linkCode=osi&th=1&psc=1">View Product</a></div>



<div class="product"><a href="https://www.amazon.com/dp/B0CQ4MLKHJ?tag=eloabder-20&linkCode=osi&th=1&psc=1"><img src="https://m.media-amazon.com/images/I/519f8covwQL._SL500_.jpg" alt="Product Image"></a><p>Feetiger All-in-1 Fire Extinguisher for Home, Kitchen, Car, Garage, RV, Truck, Boat, Camping, Fire Spray that Tackles Multiple Types of Fire, 2pack</p><p>$39.99</p><a href="https://www.amazon.com/dp/B0CQ4MLKHJ?tag=eloabder-20&linkCode=osi&th=1&psc=1">View Product</a></div>
<div class="product"><a href="https://www.amazon.com/dp/B07TS4JV6H?tag=eloabder-20&linkCode=osi&th=1&psc=1"><img src="https://m.media-amazon.com/images/I/412htpDd6fL._SL500_.jpg" alt="Product Image"></a><p>Police Flag Air Freshener, New Car Scent, 6-Pack</p><p>$9.99 ($1.66 / Count)</p><a href="https://www.amazon.com/dp/B07TS4JV6H?tag=eloabder-20&linkCode=osi&th=1&psc=1">View Product</a></div>


<div class="product"><a href="https://www.amazon.com/dp/B009EU5ZNO?tag=eloabder-20&linkCode=osi&th=1&psc=1"><img src="https://m.media-amazon.com/images/I/515MJLZbnoL._SL500_.jpg" alt="Product Image"></a><p>J-B Weld 50133 Plastic Bonder Structural Adhesive Syringe - Tan - 25 ml</p><p>$6.98 ($8.21 / Fl Oz)</p><a href="https://www.amazon.com/dp/B009EU5ZNO?tag=eloabder-20&linkCode=osi&th=1&psc=1">View Product</a></div>



<div class="product"><a href="https://www.amazon.com/dp/B09P6YZP72?tag=eloabder-20&linkCode=osi&th=1&psc=1"><img src="https://m.media-amazon.com/images/I/416rlvu+ayL._SL500_.jpg" alt="Product Image"></a><p>AUTOBOO 26"+20" Windshield Wipers with 16" Rear Wiper Blade Replacement for Dodge Grand Caravan 2008-2012 2013 2014 2015 2016 2017 2018 2019 -Original Factory Quality (Pack of 3)</p><p>$23.99</p><a href="https://www.amazon.com/dp/B09P6YZP72?tag=eloabder-20&linkCode=osi&th=1&psc=1">View Product</a></div><div class="product"><a href="https://www.amazon.com/dp/B0BLYQBDS8?tag=eloabder-20&linkCode=osi&th=1&psc=1"><img src="https://m.media-amazon.com/images/I/51SbpSR2zBL._SL500_.jpg" alt="Product Image"></a><p>A-Premium Engine Air Filter Compatible with Chrysler Town & Country & Dodge Grand Caravan & Ram C/V & Volkswagen Routan, 2011-2020, Flexible Panel, Replace# 4861737AA</p><p>$12.99</p><a href="https://www.amazon.com/dp/B0BLYQBDS8?tag=eloabder-20&linkCode=osi&th=1&psc=1">View Product</a></div>
<div class="product"><a href="https://www.amazon.com/dp/B001FCB4JS?tag=eloabder-20&linkCode=osi&th=1&psc=1"><img src="https://m.media-amazon.com/images/I/21wq6fxqiVL._SL500_.jpg" alt="Product Image"></a><p>Dicor BT-1834-1 Butyl Seal Tape - 1/8" x 3/4" x 30' Repair Tape for RV, Trailer, Motorhome, Window, and Vent Sealing</p><p>$13.15 ($0.44 / Foot)</p><a href="https://www.amazon.com/dp/B001FCB4JS?tag=eloabder-20&linkCode=osi&th=1&psc=1">View Product</a></div>
<div class="product"><a href="https://www.amazon.com/dp/B000BUQOD6?tag=eloabder-20&linkCode=osi&th=1&psc=1"><img src="https://m.media-amazon.com/images/I/41O0CoP1L3L._SL500_.jpg" alt="Product Image"></a><p>Camco Camper/RV Toilet Paper | Sewer-Safe, Septic-Safe & Biodegradable | Designed for Camper, Trailer & Marine Sanitation Systems | 1-Ply Tissue | 4 Toilet Paper Rolls – 280 Sheets per Roll (40275)</p><p>$5.99 ($2.14 / 100 Sheets)</p><a href="https://www.amazon.com/dp/B000BUQOD6?tag=eloabder-20&linkCode=osi&th=1&psc=1">View Product</a></div><div class="product"><a href="https://www.amazon.com/dp/B007JG1W1E?tag=eloabder-20&linkCode=osi&th=1&psc=1"><img src="https://m.media-amazon.com/images/I/41i-j99E9ML._SL500_.jpg" alt="Product Image"></a><p>Camco TST Camper / RV Grey Water Odor Control - Removes Grease Buildup in Gray Water Tank, Sink & Shower Drains - 4oz Treats 40-Gal Holding Tank - Safe Septic Tank Treatment - Lemon, 64 oz (40256)</p><p>$19.94 ($0.31 / Fl Oz)</p><a href="https://www.amazon.com/dp/B007JG1W1E?tag=eloabder-20&linkCode=osi&th=1&psc=1">View Product</a></div><div class="product"><a href="https://www.amazon.com/dp/B016V2OSD0?tag=eloabder-20&linkCode=osi&th=1&psc=1"><img src="https://m.media-amazon.com/images/I/31Jm99RYVXL._SL500_.jpg" alt="Product Image"></a><p>Camco TST MAX RV Toilet Treatment Drop-INs | Control Unwanted Odors and Break Down Waste and Tissue | Septic Tank Safe | Lavender Scent | 15-pack (41559)</p><p>$11.97 ($0.80 / Count)</p><a href="https://www.amazon.com/dp/B016V2OSD0?tag=eloabder-20&linkCode=osi&th=1&psc=1">View Product</a></div>






<div class="product"><a href="https://www.amazon.com/dp/B006GJYOL0?tag=eloabder-20&linkCode=osi&th=1&psc=1"><img src="https://m.media-amazon.com/images/I/41YPjiCzDfL._SL500_.jpg" alt="Product Image"></a><p>Boat Bling HS-0128 Hot Sauce Hard Water Spot Remover, Gallon Refill, for Boats, RVs, Powersport Vehicles and More, Black,1 Gallon</p><p>$54.95 ($0.43 / Fl Oz)</p><a href="https://www.amazon.com/dp/B006GJYOL0?tag=eloabder-20&linkCode=osi&th=1&psc=1">View Product</a></div><div class="product"><a href="https://www.amazon.com/dp/B0000AXVCB?tag=eloabder-20&linkCode=osi&th=1&psc=1"><img src="https://m.media-amazon.com/images/I/51gtsDb7zDL._SL500_.jpg" alt="Product Image"></a><p>Meguiar's M4364 Marine/RV Boat Wash - 64 Oz Container</p><p>$13.99 ($0.22 / Fl Oz)</p><a href="https://www.amazon.com/dp/B0000AXVCB?tag=eloabder-20&linkCode=osi&th=1&psc=1">View Product</a></div><div class="product"><a href="https://www.amazon.com/dp/B0007TR47G?tag=eloabder-20&linkCode=osi&th=1&psc=1"><img src="https://m.media-amazon.com/images/I/41Q4SzlVojL._SL500_.jpg" alt="Product Image"></a><p>Meguiar's Flagship Premium Marine Wax, Boat Polish and Oxidation Remover - 32 Oz Bottle</p><p>$21.49</p><a href="https://www.amazon.com/dp/B0007TR47G?tag=eloabder-20&linkCode=osi&th=1&psc=1">View Product</a></div><div class="product"><a href="https://www.amazon.com/dp/B006GJYLFY?tag=eloabder-20&linkCode=osi&th=1&psc=1"><img src="https://m.media-amazon.com/images/I/31G78TSjssL._SL500_.jpg" alt="Product Image"></a><p>Boat Bling Condition Sauce Premium Interior Moisturizer w/UV Protection, 32 oz.</p><p>$27.95</p><a href="https://www.amazon.com/dp/B006GJYLFY?tag=eloabder-20&linkCode=osi&th=1&psc=1">View Product</a></div><div class="product"><a href="https://www.amazon.com/dp/B006GJYKWI?tag=eloabder-20&linkCode=osi&th=1&psc=1"><img src="https://m.media-amazon.com/images/I/41AcDanNz-L._SL500_.jpg" alt="Product Image"></a><p>Boat Bling VS-0032 Vinyl Sauce Premium Vinyl and Leather Cleaner, 32 Oz., for Boats, RVs, Powersport Vehicles and More</p><p>$22.95 ($0.72 / Fl Oz)</p><a href="https://www.amazon.com/dp/B006GJYKWI?tag=eloabder-20&linkCode=osi&th=1&psc=1">View Product</a></div>
<div class="product"><a href="https://www.amazon.com/dp/B004OJTEKK?tag=eloabder-20&linkCode=osi&th=1&psc=1"><img src="https://m.media-amazon.com/images/I/41q8kkNiKOL._SL500_.jpg" alt="Product Image"></a><p>Shurhold Yacht Brite YBP-0302 Brite Wash - 1 Gallon</p><p>$23.97 ($0.19 / Fl Oz)</p><a href="https://www.amazon.com/dp/B004OJTEKK?tag=eloabder-20&linkCode=osi&th=1&psc=1">View Product</a></div>




<div class="product"><a href="https://www.amazon.com/dp/B0B2RDZNZB?tag=eloabder-20&linkCode=osi&th=1&psc=1"><img src="https://m.media-amazon.com/images/I/51RVSUoRuGL._SL500_.jpg" alt="Product Image"></a><p>Fancemot Helicopter Car Air Fresheners Rotating Solar Car Fresheners Airplane Car Perfume (Osmanthus & Vanilla)</p><p>$14.08</p><a href="https://www.amazon.com/dp/B0B2RDZNZB?tag=eloabder-20&linkCode=osi&th=1&psc=1">View Product</a></div><div class="product"><a href="https://www.amazon.com/dp/B0994PG1ZD?tag=eloabder-20&linkCode=osi&th=1&psc=1"><img src="https://m.media-amazon.com/images/I/413er0A8cVS._SL500_.jpg" alt="Product Image"></a><p>NICEADA Car Air Freshener, Helicopter Solar Energy Rotating Aromatherapy Aviation Al Alloy Diffuser, Interior Decoration Accessories Diffuser for Car and Home (Silver)</p><p>$23.99</p><a href="https://www.amazon.com/dp/B0994PG1ZD?tag=eloabder-20&linkCode=osi&th=1&psc=1">View Product</a></div><div class="product"><a href="https://www.amazon.com/dp/B09ZTMZKSJ?tag=eloabder-20&linkCode=osi&th=1&psc=1"><img src="https://m.media-amazon.com/images/I/41rz5PydC9L._SL500_.jpg" alt="Product Image"></a><p>Air Freshener, Gigicloud Car Fragrance Diffuser Solar Rotating Automotive Air Fresheners Ornament Helicopter Shape Solid Aromatherapy Decoration for Car and Home (Black)</p><p>$15.49</p><a href="https://www.amazon.com/dp/B09ZTMZKSJ?tag=eloabder-20&linkCode=osi&th=1&psc=1">View Product</a></div><div class="product"><a href="https://www.amazon.com/dp/B0CWNNPCD3?tag=eloabder-20&linkCode=osi&th=1&psc=1"><img src="https://m.media-amazon.com/images/I/51nznnJJhfL._SL500_.jpg" alt="Product Image"></a><p>Car Air Freshener Diffuser, KaiDengZhe 1PCS Helicopter Solar Energy Rotating Aromatherapy Aviation Al Alloy Diffuser, Car Diffuser for Essential Oils, Relieve Stress and Purifie Odors for Car and Home</p><p>$15.99</p><a href="https://www.amazon.com/dp/B0CWNNPCD3?tag=eloabder-20&linkCode=osi&th=1&psc=1">View Product</a></div><div class="product"><a href="https://www.amazon.com/dp/B0B8T47G65?tag=eloabder-20&linkCode=osi&th=1&psc=1"><img src="https://m.media-amazon.com/images/I/41d6cgVheqL._SL500_.jpg" alt="Product Image"></a><p>Joyfunky Car Air Fresheners with Solar Rotating, Creative Car Perfume Decoration, Relieve Stress and Purifie Odors, Use at Car, office and Home, Silver</p><p>$12.99</p><a href="https://www.amazon.com/dp/B0B8T47G65?tag=eloabder-20&linkCode=osi&th=1&psc=1">View Product</a></div><div class="product"><a href="https://www.amazon.com/dp/B0D4ZHJVK8?tag=eloabder-20&linkCode=osi&th=1&psc=1"><img src="https://m.media-amazon.com/images/I/41sEhsjtb4L._SL500_.jpg" alt="Product Image"></a><p>NICEADA Helicopter Solar Car Air Freshener Refill Set, Solar Essential Oil Refill Perfume Oil for Car Air Fresheners(4 Packs)</p><p>$21.99 ($24.99 / Fl Oz)</p><a href="https://www.amazon.com/dp/B0D4ZHJVK8?tag=eloabder-20&linkCode=osi&th=1&psc=1">View Product</a></div><div class="product"><a href="https://www.amazon.com/dp/B0D251XW47?tag=eloabder-20&linkCode=osi&th=1&psc=1"><img src="https://m.media-amazon.com/images/I/41x6lmNq9fL._SL500_.jpg" alt="Product Image"></a><p>Helicopter Car Air Fresheners with Solar Rotating, Creative Car Perfume Decoration, Car Airplane Fragrance Diffuser for Car, Home, Office (Silver)</p><p>$13.09</p><a href="https://www.amazon.com/dp/B0D251XW47?tag=eloabder-20&linkCode=osi&th=1&psc=1">View Product</a></div>

<div class="product"><a href="https://www.amazon.com/dp/B0D4154TQG?tag=eloabder-20&linkCode=osi&th=1&psc=1"><img src="https://m.media-amazon.com/images/I/217Iw-nO3UL._SL500_.jpg" alt="Product Image"></a><p>RV Curtain Glide Tape A115, 1/2 Inch Glides Clear RV Curtain Strip Curtain Slide Tape 72 Inches Long Use with Ceiling or Wall Mount Curtain Track A201 A202 (2 Pack)</p><p>$17.99</p><a href="https://www.amazon.com/dp/B0D4154TQG?tag=eloabder-20&linkCode=osi&th=1&psc=1">View Product</a></div>
<div class="product"><a href="https://www.amazon.com/dp/B08W4PQN8L?tag=eloabder-20&linkCode=osi&th=1&psc=1"><img src="https://m.media-amazon.com/images/I/41udmrd6QTL._SL500_.jpg" alt="Product Image"></a><p>Hot Air Balloon Novelty Air Freshener for Car - Sandalwood Scented Automotive Accessory New Mexico Souvenir Gift (Pack of 4)</p><p>$7.99 ($2.00 / Count)</p><a href="https://www.amazon.com/dp/B08W4PQN8L?tag=eloabder-20&linkCode=osi&th=1&psc=1">View Product</a></div>















<div class="product"><a href="https://www.amazon.com/dp/B0CP87K2VD?tag=eloabder-20&linkCode=osi&th=1&psc=1"><img src="https://m.media-amazon.com/images/I/41dTH4OPkcL._SL500_.jpg" alt="Product Image"></a><p>For harley air cleaner filter Touring street glide road king electra tri trike Dyna Sportster XL 883 1200 Softail air intake (Drift style -Contrast Cut, C-For Touring 08-16, Softail 16-17)</p><p>$125.00</p><a href="https://www.amazon.com/dp/B0CP87K2VD?tag=eloabder-20&linkCode=osi&th=1&psc=1">View Product</a></div><div class="product"><a href="https://www.amazon.com/dp/B08DNLNY3G?tag=eloabder-20&linkCode=osi&th=1&psc=1"><img src="https://m.media-amazon.com/images/I/51baNj3o8CL._SL500_.jpg" alt="Product Image"></a><p>2963308 HD1508 Ultra Classic Air Filter Cleaner for 2008-2014 Harley Davidson Street Glide, Electra Glide, Road King, Road Glide Custom, Ultra Classic and other select models HD-1508</p><p>$21.99</p><a href="https://www.amazon.com/dp/B08DNLNY3G?tag=eloabder-20&linkCode=osi&th=1&psc=1">View Product</a></div><div class="product"><a href="https://www.amazon.com/dp/B0CQ2KKC3N?tag=eloabder-20&linkCode=osi&th=1&psc=1"><img src="https://m.media-amazon.com/images/I/31W2a0gAwIL._SL500_.jpg" alt="Product Image"></a><p>High-Flo Replacement Air Filter Element For Ventilator - Milwaukee-Eight Engine '18-later Softail and '17-later Touring and Trike Models Equipped with 114 Air Cleaner</p><p>$39.99</p><a href="https://www.amazon.com/dp/B0CQ2KKC3N?tag=eloabder-20&linkCode=osi&th=1&psc=1">View Product</a></div><div class="product"><a href="https://www.amazon.com/dp/B0CPJ5BSGM?tag=eloabder-20&linkCode=osi&th=1&psc=1"><img src="https://m.media-amazon.com/images/I/41cUadnGKpL._SL500_.jpg" alt="Product Image"></a><p>For harley air cleaner filter sportster street road glide king for harley davidson motorcycle air intake (Nake style -Black, A-For Sportster XL models)</p><p>$169.00</p><a href="https://www.amazon.com/dp/B0CPJ5BSGM?tag=eloabder-20&linkCode=osi&th=1&psc=1">View Product</a></div><div class="product"><a href="https://www.amazon.com/dp/B0CR17NS1M?tag=eloabder-20&linkCode=osi&th=1&psc=1"><img src="https://m.media-amazon.com/images/I/41n57oM0A-L._SL500_.jpg" alt="Product Image"></a><p>For harley air cleaner filter Sportster Softail Touring street road king glide Dyna for harley davidson air intake filters (Speed 7 style -gray filter, C-For Touring 08-16, Softail 16-17)</p><p>$89.00</p><a href="https://www.amazon.com/dp/B0CR17NS1M?tag=eloabder-20&linkCode=osi&th=1&psc=1">View Product</a></div><div class="product"><a href="https://www.amazon.com/dp/B0CR167HDN?tag=eloabder-20&linkCode=osi&th=1&psc=1"><img src="https://m.media-amazon.com/images/I/41o4byfzbRL._SL500_.jpg" alt="Product Image"></a><p>For harley davidson air cleaner filter sportster Touring street glide road king electra Dyna Softail motorcycle air intake (Chromed- gray filter, C-For Touring 2008-2016)</p><p>$99.00</p><a href="https://www.amazon.com/dp/B0CR167HDN?tag=eloabder-20&linkCode=osi&th=1&psc=1">View Product</a></div>







<div class="product"><a href="https://www.amazon.com/dp/B08WH8CWDM?tag=eloabder-20&linkCode=osi&th=1&psc=1"><img src="https://m.media-amazon.com/images/I/41Jj3ouB+1L._SL500_.jpg" alt="Product Image"></a><p>Glaze 'N Seal Color Enhancer Paver Sealer, 1 Gallon (923)</p><p>$62.99</p><a href="https://www.amazon.com/dp/B08WH8CWDM?tag=eloabder-20&linkCode=osi&th=1&psc=1">View Product</a></div>

<div class="product"><a href="https://www.amazon.com/dp/B0B58G8WRX?tag=eloabder-20&linkCode=osi&th=1&psc=1"><img src="https://m.media-amazon.com/images/I/41hjxJMTGJL._SL500_.jpg" alt="Product Image"></a><p>Solarhome Air Filter 333-D2696 333D2696 Compatible with JCB Backhoe Loader 3CX 4CX Telehandler 531-70</p><p>$34.50</p><a href="https://www.amazon.com/dp/B0B58G8WRX?tag=eloabder-20&linkCode=osi&th=1&psc=1">View Product</a></div>




<div class="product"><a href="https://www.amazon.com/dp/B07G7XG6BV?tag=eloabder-20&linkCode=osi&th=1&psc=1"><img src="https://m.media-amazon.com/images/I/510tZGutn6L._SL500_.jpg" alt="Product Image"></a><p>Holikme 6Pack Cleaning Brush Power Scrubber Cleaning Brush Extended Long Attachment Set All Purpose Scrub Brushes Kit for Grout, Floor, Tub, Shower, Tile, Bathroom,Car Cleaning Brush，Yellow</p><p>$6.95</p><a href="https://www.amazon.com/dp/B07G7XG6BV?tag=eloabder-20&linkCode=osi&th=1&psc=1">View Product</a></div>



<div class="product"><a href="https://www.amazon.com/dp/B000FW2NWQ?tag=eloabder-20&linkCode=osi&th=1&psc=1"><img src="https://m.media-amazon.com/images/I/31VlBDw7uDL._SL500_.jpg" alt="Product Image"></a><p>Performance Tool W233 12-Inch Long Reach Extension Scraper with 3pc Double Edged Plastic Razor Scraper Blades and 3pc Carbon Steel Razor Scraper Blades</p><p>$10.31</p><a href="https://www.amazon.com/dp/B000FW2NWQ?tag=eloabder-20&linkCode=osi&th=1&psc=1">View Product</a></div>
<div class="product"><a href="https://www.amazon.com/dp/B0BV2CQ5SW?tag=eloabder-20&linkCode=osi&th=1&psc=1"><img src="https://m.media-amazon.com/images/I/51VkTDjGg4L._SL500_.jpg" alt="Product Image"></a><p>Filterelated Mixed Bed Deionized Di Resin Filter Fill, Suitable For Spotless Car Wash System Filter Change, Tds Filter, Aquarium Filter, Deionized Car Wash,5 Liters</p><p>$49.99</p><a href="https://www.amazon.com/dp/B0BV2CQ5SW?tag=eloabder-20&linkCode=osi&th=1&psc=1">View Product</a></div><div class="product"><a href="https://www.amazon.com/dp/B01MRVQ9UE?tag=eloabder-20&linkCode=osi&th=1&psc=1"><img src="https://m.media-amazon.com/images/I/51+i6fjU6tL._SL500_.jpg" alt="Product Image"></a><p>Husqvarna XP Pre-Mixed Fuel and Engine Oil Quart (3 Pack),Blue</p><p>$32.99 ($0.34 / Count)</p><a href="https://www.amazon.com/dp/B01MRVQ9UE?tag=eloabder-20&linkCode=osi&th=1&psc=1">View Product</a></div>




<div class="product"><a href="https://www.amazon.com/dp/B01N2G2NEJ?tag=eloabder-20&linkCode=osi&th=1&psc=1"><img src="https://m.media-amazon.com/images/I/41-5g4zEDpL._SL500_.jpg" alt="Product Image"></a><p>Chemical Guys SPI10816 Heavy Duty Water Spot Remover, Safe for Cars, Trucks, Motorcycles, RVs & More, 16 fl oz</p><p>$17.97 ($1.12 / Fl Oz)</p><a href="https://www.amazon.com/dp/B01N2G2NEJ?tag=eloabder-20&linkCode=osi&th=1&psc=1">View Product</a></div>









<div class="product"><a href="https://www.amazon.com/dp/B08YRVH2QV?tag=eloabder-20&linkCode=osi&th=1&psc=1"><img src="https://m.media-amazon.com/images/I/5164O-Jr2QL._SL500_.jpg" alt="Product Image"></a><p>Thetford AquaMAX Summer Cypress Scent RV Holding Tank Treatment, Formaldehyde Free, Waste Digester, Septic Tank Safe, 5 Gallon Bottle (96754)</p><p>$248.18</p><a href="https://www.amazon.com/dp/B08YRVH2QV?tag=eloabder-20&linkCode=osi&th=1&psc=1">View Product</a></div><div class="product"><a href="https://www.amazon.com/dp/B0BPMW7485?tag=eloabder-20&linkCode=osi&th=1&psc=1"><img src="https://m.media-amazon.com/images/I/51WNuQeew7L._SL500_.jpg" alt="Product Image"></a><p>XFasten Butyl Tape Black 1/2” x 30’ x 1/8" Butyl Sealant Tape Headlight Sealant Putty Tape | Black Butyl Caulking Tape | Butyl Tape RV Putty Tape EPDM Automotive Butyl Rubber Window Sealant for RV</p><p>$13.99 ($0.47 / Foot)</p><a href="https://www.amazon.com/dp/B0BPMW7485?tag=eloabder-20&linkCode=osi&th=1&psc=1">View Product</a></div>
<div class="product"><a href="https://www.amazon.com/dp/B006DXWZQU?tag=eloabder-20&linkCode=osi&th=1&psc=1"><img src="https://m.media-amazon.com/images/I/41wtqfFFfQL._SL500_.jpg" alt="Product Image"></a><p>FRAM Ultra Synthetic Automotive Replacement Oil Filter, Designed for Synthetic Oil Changes Lasting up to 20k Miles, XG10575 with SureGrip (Pack of 1)</p><p>$10.79</p><a href="https://www.amazon.com/dp/B006DXWZQU?tag=eloabder-20&linkCode=osi&th=1&psc=1">View Product</a></div><div class="product"><a href="https://www.amazon.com/dp/B01LH7L0XA?tag=eloabder-20&linkCode=osi&th=1&psc=1"><img src="https://m.media-amazon.com/images/I/41yD3QmbyZL._SL500_.jpg" alt="Product Image"></a><p>Shell Rotella T4 Triple Protection Conventional 15W-40 Diesel Engine Oil (1-Gallon, Single Pack)</p><p>$15.98 ($0.12 / Fl Oz)</p><a href="https://www.amazon.com/dp/B01LH7L0XA?tag=eloabder-20&linkCode=osi&th=1&psc=1">View Product</a></div><div class="product"><a href="https://www.amazon.com/dp/B00ICSWGJ0?tag=eloabder-20&linkCode=osi&th=1&psc=1"><img src="https://m.media-amazon.com/images/I/41Ahz5dVc5L._SL500_.jpg" alt="Product Image"></a><p>Castrol Edge 5W-30 Advanced Full Synthetic Motor Oil, 5 Quarts</p><p>$24.72 ($0.15 / Fl Oz)</p><a href="https://www.amazon.com/dp/B00ICSWGJ0?tag=eloabder-20&linkCode=osi&th=1&psc=1">View Product</a></div><div class="product"><a href="https://www.amazon.com/dp/B01N8RPDT8?tag=eloabder-20&linkCode=osi&th=1&psc=1"><img src="https://m.media-amazon.com/images/I/41Qm+9e8sCL._SL500_.jpg" alt="Product Image"></a><p>Motorcraft - Oil - Engine (XO10W305Q3SD)</p><p>$32.27</p><a href="https://www.amazon.com/dp/B01N8RPDT8?tag=eloabder-20&linkCode=osi&th=1&psc=1">View Product</a></div>
<div class="product"><a href="https://www.amazon.com/dp/B07FTRZLM5?tag=eloabder-20&linkCode=osi&th=1&psc=1"><img src="https://m.media-amazon.com/images/I/416uoNYOsXL._SL500_.jpg" alt="Product Image"></a><p>Chemical Guys HOL126 14-Piece Arsenal Builder Car Wash Kit with Foam Gun, Bucket, and (5) 16 oz Car Care Cleaning Chemicals, Gift for Car & Truck Lovers, Dads and DIYers (Works w/Garden Hose)</p><p>$119.99</p><a href="https://www.amazon.com/dp/B07FTRZLM5?tag=eloabder-20&linkCode=osi&th=1&psc=1">View Product</a></div><div class="product"><a href="https://www.amazon.com/dp/B0741RL23Q?tag=eloabder-20&linkCode=osi&th=1&psc=1"><img src="https://m.media-amazon.com/images/I/410wwKZBYVL._SL500_.jpg" alt="Product Image"></a><p>Chemical Guys SPI220 Total Interior Cleaner and Protectant, Safe for Cars, Trucks, SUVs, Jeeps, Motorcycles, RVs & More, 128 fl oz (1 Gallon)</p><p>$54.99 ($0.43 / Fl Oz)</p><a href="https://www.amazon.com/dp/B0741RL23Q?tag=eloabder-20&linkCode=osi&th=1&psc=1">View Product</a></div><div class="product"><a href="https://www.amazon.com/dp/B002J7VX4Y?tag=eloabder-20&linkCode=osi&th=1&psc=1"><img src="https://m.media-amazon.com/images/I/41oijnffQ0L._SL500_.jpg" alt="Product Image"></a><p>Chemical Guys AIR_101_16 New Car Smell Premium Air Freshener and Odor Eliminator, Long-Lasting Scent, Great for Cars, Trucks, SUVs, RVs & More, 16 fl oz</p><p>$10.99 ($0.69 / Fl Oz)</p><a href="https://www.amazon.com/dp/B002J7VX4Y?tag=eloabder-20&linkCode=osi&th=1&psc=1">View Product</a></div><div class="product"><a href="https://www.amazon.com/dp/B077TPG55M?tag=eloabder-20&linkCode=osi&th=1&psc=1"><img src="https://m.media-amazon.com/images/I/51aYksYRthL._SL500_.jpg" alt="Product Image"></a><p>Chemical Guys CWS20264 Tough Mudder Foaming Truck, Off Road, ATV and RV Heavy Duty Wash Soap,(Works with Foam Cannons, Foam Guns or Bucket Washes), 64 fl oz (Half Gallon), Lemon Scent</p><p>$39.99 ($0.62 / Fl Oz)</p><a href="https://www.amazon.com/dp/B077TPG55M?tag=eloabder-20&linkCode=osi&th=1&psc=1">View Product</a></div><div class="product"><a href="https://www.amazon.com/dp/B00BJCAPEE?tag=eloabder-20&linkCode=osi&th=1&psc=1"><img src="https://m.media-amazon.com/images/I/416RIPKVW1L._SL500_.jpg" alt="Product Image"></a><p>Chemical Guys CWS_402 Mr. Pink Foaming Car Wash Soap (Works with Foam Cannons, Foam Guns or Bucket Washes) Safe for Cars, Trucks, Motorcycles, RVs & More, 128 fl oz, Candy Scent</p><p>$39.99 ($0.31 / Fl Oz)</p><a href="https://www.amazon.com/dp/B00BJCAPEE?tag=eloabder-20&linkCode=osi&th=1&psc=1">View Product</a></div><div class="product"><a href="https://www.amazon.com/dp/B01C6AISUK?tag=eloabder-20&linkCode=osi&th=1&psc=1"><img src="https://m.media-amazon.com/images/I/41FrDCDPB6S._SL500_.jpg" alt="Product Image"></a><p>Chemical Guys CLD_700_16 Mat Renew Rubber + Vinyl Floor Mat Cleaner And Protectant, Safe for Cars, Trucks, SUVs, Motorcycles, RVs & More, 16 fl oz</p><p>$10.99 ($0.69 / Fl Oz)</p><a href="https://www.amazon.com/dp/B01C6AISUK?tag=eloabder-20&linkCode=osi&th=1&psc=1">View Product</a></div><div class="product"><a href="https://www.amazon.com/dp/B01N76S0A7?tag=eloabder-20&linkCode=osi&th=1&psc=1"><img src="https://m.media-amazon.com/images/I/51jurhYPCgL._SL500_.jpg" alt="Product Image"></a><p>Chemical Guys HOL131 Premium Chenille Microfiber Car Wash Mop and Heavy Duty Extendable Pole Kit (Great for RVs, Trucks, SUVs, Jeeps & Large Vehicles), With Mr. Pink Foaming Car Wash Soap - 4 fl oz</p><p>$49.99</p><a href="https://www.amazon.com/dp/B01N76S0A7?tag=eloabder-20&linkCode=osi&th=1&psc=1">View Product</a></div><div class="product"><a href="https://www.amazon.com/dp/B009OTW646?tag=eloabder-20&linkCode=osi&th=1&psc=1"><img src="https://m.media-amazon.com/images/I/41lG36UqLBL._SL500_.jpg" alt="Product Image"></a><p>Chemical Guys CWS 110 Honeydew Snow Foam Car Wash Soap (Works with Foam Cannons, Guns or Bucket Washes) Safe for Trucks, Motorcycles, RVs & More, 128 fl oz (1 Gallon), Honeydew Scent</p><p>$39.99 ($0.31 / Fl Oz)</p><a href="https://www.amazon.com/dp/B009OTW646?tag=eloabder-20&linkCode=osi&th=1&psc=1">View Product</a></div><div class="product"><a href="https://www.amazon.com/dp/B08P54Z2C2?tag=eloabder-20&linkCode=osi&th=1&psc=1"><img src="https://m.media-amazon.com/images/I/41Ra65iS2OL._SL500_.jpg" alt="Product Image"></a><p>Chemical Guys WAC23316 HydroSpeed Ceramic Quick Detailer, Safe for Cars, Trucks, SUVs, Motorcycles, RVs & More, 16 fl oz</p><p>$24.99</p><a href="https://www.amazon.com/dp/B08P54Z2C2?tag=eloabder-20&linkCode=osi&th=1&psc=1">View Product</a></div>
<div class="product"><a href="https://www.amazon.com/dp/B0C7WLPQC7?tag=eloabder-20&linkCode=osi&th=1&psc=1"><img src="https://m.media-amazon.com/images/I/41hJeSxsSWL._SL500_.jpg" alt="Product Image"></a><p>Detail King Car Odor Removal - Chlorine Dioxide Cup - Extreme Odor Eliminator For Car - Safe And Easy To Use (3 Oz (Pack of 1) - Plastic)</p><p>$24.95 ($8.32 / Ounce)</p><a href="https://www.amazon.com/dp/B0C7WLPQC7?tag=eloabder-20&linkCode=osi&th=1&psc=1">View Product</a></div>

<div class="product"><a href="https://www.amazon.com/dp/B0052XFWCG?tag=eloabder-20&linkCode=osi&th=1&psc=1"><img src="https://m.media-amazon.com/images/I/41qajeJVXLL._SL500_.jpg" alt="Product Image"></a><p>Hot Shot's Secret HSS64Z Original Stiction Eliminator 64 Fluid Ounce Bottle, Green</p><p>$53.45 ($0.84 / Fl Oz)</p><a href="https://www.amazon.com/dp/B0052XFWCG?tag=eloabder-20&linkCode=osi&th=1&psc=1">View Product</a></div><div class="product"><a href="https://www.amazon.com/dp/B009M64CAW?tag=eloabder-20&linkCode=osi&th=1&psc=1"><img src="https://m.media-amazon.com/images/I/417D8X0nkBL._SL500_.jpg" alt="Product Image"></a><p>Lucas Oil 10679 Hot Rod & Classic Car SAE 10W-30 Motor Oil - 5 Quart</p><p>$38.50 ($0.24 / Fl Oz)</p><a href="https://www.amazon.com/dp/B009M64CAW?tag=eloabder-20&linkCode=osi&th=1&psc=1">View Product</a></div><div class="product"><a href="https://www.amazon.com/dp/B01L9ARY9O?tag=eloabder-20&linkCode=osi&th=1&psc=1"><img src="https://m.media-amazon.com/images/I/51yaZAYH75L._SL500_.jpg" alt="Product Image"></a><p>FPPF Chemical Co 00161 16 OZ HOT 4-in-1 Heating Oil Treatment (2 Bottles)</p><p>$26.42</p><a href="https://www.amazon.com/dp/B01L9ARY9O?tag=eloabder-20&linkCode=osi&th=1&psc=1">View Product</a></div><div class="product"><a href="https://www.amazon.com/dp/B009M64CUM?tag=eloabder-20&linkCode=osi&th=1&psc=1"><img src="https://m.media-amazon.com/images/I/41yiWaF8YQL._SL500_.jpg" alt="Product Image"></a><p>Lucas Oil 10683 Hot Rod & Classic Car SAE 10W-40 Motor Oil - 5 Quart</p><p>$43.24 ($0.27 / Fl Oz)</p><a href="https://www.amazon.com/dp/B009M64CUM?tag=eloabder-20&linkCode=osi&th=1&psc=1">View Product</a></div><div class="product"><a href="https://www.amazon.com/dp/B0973HNRH9?tag=eloabder-20&linkCode=osi&th=1&psc=1"><img src="https://m.media-amazon.com/images/I/41kyGGJa--L._SL500_.jpg" alt="Product Image"></a><p>Hot Shot's Secret FR3 Friction Reducer 64 Fluid Ounce 2 Quarts, Light Yellow Liquid, (HSSFR364Z)</p><p>$59.73 ($0.93 / Fl Oz)</p><a href="https://www.amazon.com/dp/B0973HNRH9?tag=eloabder-20&linkCode=osi&th=1&psc=1">View Product</a></div><div class="product"><a href="https://www.amazon.com/dp/B082YFQQ25?tag=eloabder-20&linkCode=osi&th=1&psc=1"><img src="https://m.media-amazon.com/images/I/511PTX7LlZL._SL500_.jpg" alt="Product Image"></a><p>Hot Shot's Secret Green Diamond 100 Percent Synthetic 15W40 Oil Diesel 1 Gallon</p><p>$39.99 ($0.31 / Fl Oz)</p><a href="https://www.amazon.com/dp/B082YFQQ25?tag=eloabder-20&linkCode=osi&th=1&psc=1">View Product</a></div>















<div class="product"><a href="https://www.amazon.com/dp/B08PTMXCJL?tag=eloabder-20&linkCode=osi&th=1&psc=1"><img src="https://m.media-amazon.com/images/I/410eJv-7UHL._SL500_.jpg" alt="Product Image"></a><p>Moly Grease | 3% Molybdenum Disulfide | Fifth Wheel | 5th | Automotive | Tractor | Axle | Spline | CV Joint | Lithium EP Grease | High Temp | 35 LB Pail Bucket | Black Moly | NLGI 2 | HeavyDuty Moly</p><p>$174.99 ($0.31 / Ounce)</p><a href="https://www.amazon.com/dp/B08PTMXCJL?tag=eloabder-20&linkCode=osi&th=1&psc=1">View Product</a></div><div class="product"><a href="https://www.amazon.com/dp/B08PTHJTK5?tag=eloabder-20&linkCode=osi&th=1&psc=1"><img src="https://m.media-amazon.com/images/I/41VdMjJ38aL._SL500_.jpg" alt="Product Image"></a><p>Wheel Bearing Grease Pail | Lithium Complex | High Temp EP | CV Joint | Axle | Automotive | Tractor | Truck | Ball Joint | Marine Boat | Gear | Heavy Duty | Blue | 35 LB Bucket | NLGI 2 | MultiPurpose</p><p>$167.99 ($0.30 / Ounce)</p><a href="https://www.amazon.com/dp/B08PTHJTK5?tag=eloabder-20&linkCode=osi&th=1&psc=1">View Product</a></div><div class="product"><a href="https://www.amazon.com/dp/B0013J1UA6?tag=eloabder-20&linkCode=osi&th=1&psc=1"><img src="https://m.media-amazon.com/images/I/41G0Fkf7KnL._SL500_.jpg" alt="Product Image"></a><p>CRC Food Grade Chain Lube 03055 – 12 Wt. Oz. Aerosol, NSF H1 Gear, Chain, and Wire Lubricant</p><p>$19.25 ($1.60 / Ounce)</p><a href="https://www.amazon.com/dp/B0013J1UA6?tag=eloabder-20&linkCode=osi&th=1&psc=1">View Product</a></div>





<div class="product"><a href="https://www.amazon.com/dp/B08GQ9G2V5?tag=eloabder-20&linkCode=osi&th=1&psc=1"><img src="https://m.media-amazon.com/images/I/511+rapOlWL._SL500_.jpg" alt="Product Image"></a><p>Armor All Car Air Freshener and Purifier, Car Odor Eliminator, 1.5 Ounce (Pack of 3)</p><p>$21.21 ($4.71 / Ounce)</p><a href="https://www.amazon.com/dp/B08GQ9G2V5?tag=eloabder-20&linkCode=osi&th=1&psc=1">View Product</a></div>







<div class="product"><a href="https://www.amazon.com/dp/B001229JCU?tag=eloabder-20&linkCode=osi&th=1&psc=1"><img src="https://m.media-amazon.com/images/I/31W6FuKPMcL._SL500_.jpg" alt="Product Image"></a><p>First Alert EZ Fire Spray, Extinguishing Aerosol Spray, AF400 Red 18 Ounce (Pack of 1)</p><p>$12.49</p><a href="https://www.amazon.com/dp/B001229JCU?tag=eloabder-20&linkCode=osi&th=1&psc=1">View Product</a></div><div class="product"><a href="https://www.amazon.com/dp/B002U0KGDY?tag=eloabder-20&linkCode=osi&th=1&psc=1"><img src="https://m.media-amazon.com/images/I/51p6R+mcRhL._SL500_.jpg" alt="Product Image"></a><p>First Alert EZ Fire Spray, Extinguishing Aerosol Spray, Pack of 2, AF400-2, RED</p><p>$27.02</p><a href="https://www.amazon.com/dp/B002U0KGDY?tag=eloabder-20&linkCode=osi&th=1&psc=1">View Product</a></div>
<div class="product"><a href="https://www.amazon.com/dp/B0088LVBUQ?tag=eloabder-20&linkCode=osi&th=1&psc=1"><img src="https://m.media-amazon.com/images/I/31h7l-l6u2L._SL500_.jpg" alt="Product Image"></a><p>Seymour EN-59 Hi-Tech Engine Spray Paint, General Motors Red</p><p>$9.08 ($0.76 / Ounce)</p><a href="https://www.amazon.com/dp/B0088LVBUQ?tag=eloabder-20&linkCode=osi&th=1&psc=1">View Product</a></div>




<div class="product"><a href="https://www.amazon.com/dp/B000HBNU9K?tag=eloabder-20&linkCode=osi&th=1&psc=1"><img src="https://m.media-amazon.com/images/I/41URzfKaVsL._SL500_.jpg" alt="Product Image"></a><p>Permatex 27828 Body Shop Heavy Duty Headliner Adhesive, High-Strength Spray Adhesive, Repair Detached Or Loose Interior Parts, Dries Clear, Aerosol Can, 16.75 Oz</p><p>$17.05 ($1.02 / Ounce)</p><a href="https://www.amazon.com/dp/B000HBNU9K?tag=eloabder-20&linkCode=osi&th=1&psc=1">View Product</a></div><div class="product"><a href="https://www.amazon.com/dp/B001VXXEXU?tag=eloabder-20&linkCode=osi&th=1&psc=1"><img src="https://m.media-amazon.com/images/I/5112onMwzaL._SL500_.jpg" alt="Product Image"></a><p>Vibra-TITE 213 Red VC-3 Original Threadmate, 250ml Can</p><p>$99.19</p><a href="https://www.amazon.com/dp/B001VXXEXU?tag=eloabder-20&linkCode=osi&th=1&psc=1">View Product</a></div><div class="product"><a href="https://www.amazon.com/dp/B0CWPSLTR1?tag=eloabder-20&linkCode=osi&th=1&psc=1"><img src="https://m.media-amazon.com/images/I/31ytleZjjaL._SL500_.jpg" alt="Product Image"></a><p>P & S PROFESSIONAL DETAIL PRODUCTS - Terminator Enzyme Spot and Stain Remover - Perfect for Deodorizing, Removing Embedded Soils, Grease, Dirt, and Protein-Based Stains; Fresh Scent (1 Quart)</p><p>$25.95 ($0.81 / Fl Oz)</p><a href="https://www.amazon.com/dp/B0CWPSLTR1?tag=eloabder-20&linkCode=osi&th=1&psc=1">View Product</a></div><div class="product"><a href="https://www.amazon.com/dp/B07GFNQL9H?tag=eloabder-20&linkCode=osi&th=1&psc=1"><img src="https://m.media-amazon.com/images/I/41AA3Nbt8OL._SL500_.jpg" alt="Product Image"></a><p>Gunk FEB1 Foamy Engine Brite Engine Cleaner - 17oz. 2 Pack</p><p>$17.95 ($0.53 / Ounce)</p><a href="https://www.amazon.com/dp/B07GFNQL9H?tag=eloabder-20&linkCode=osi&th=1&psc=1">View Product</a></div>



<div class="product"><a href="https://www.amazon.com/dp/B003SKCARK?tag=eloabder-20&linkCode=osi&th=1&psc=1"><img src="https://m.media-amazon.com/images/I/41rvU5irgRL._SL500_.jpg" alt="Product Image"></a><p>Obenauf's Heavy Duty LP Leather Preservative (4oz)- All Natural Beeswax Oil Conditioner- Rejuvenate Restore & Preserve Sunfaded or Cracked Boots Jackets Saddles Car Auto Upholstery Furniture- USA Made</p><p>$15.99</p><a href="https://www.amazon.com/dp/B003SKCARK?tag=eloabder-20&linkCode=osi&th=1&psc=1">View Product</a></div>
Aucun résultat trouvé.

<div class="product"><a href="https://www.amazon.com/dp/B0CLWDDWHX?tag=eloabder-20&linkCode=osi&th=1&psc=1"><img src="https://m.media-amazon.com/images/I/51HPMtia03L._SL500_.jpg" alt="Product Image"></a><p>Fire Fix Fire Extinguisher for Home 5-Pack | Made in USA | Emergency Fire Spray Foam for Apartment, Boat, Camping, Car, House, Kitchen & Vehicle | Safety & Survival | Compact, Small, Safe & Easy Use</p><p>$56.95</p><a href="https://www.amazon.com/dp/B0CLWDDWHX?tag=eloabder-20&linkCode=osi&th=1&psc=1">View Product</a></div><div class="product"><a href="https://www.amazon.com/dp/B0CKZF9H3D?tag=eloabder-20&linkCode=osi&th=1&psc=1"><img src="https://m.media-amazon.com/images/I/41+Q4YdByuL._SL500_.jpg" alt="Product Image"></a><p>Firexo All Fires Fire Extinguisher - Multipurpose Mini Aerosol - Pack of 6 - Home, Kitchen, Car, Garage, Boat, Caravan, Camping Household, ABC, Vehicle, Compact, RV, Emergency Equipment (0.1 Gal)</p><p>$139.99</p><a href="https://www.amazon.com/dp/B0CKZF9H3D?tag=eloabder-20&linkCode=osi&th=1&psc=1">View Product</a></div>
Aucun résultat trouvé.
Aucun résultat trouvé.






<div class="product"><a href="https://www.amazon.com/dp/B00FOKOKMU?tag=eloabder-20&linkCode=osi&th=1&psc=1"><img src="https://m.media-amazon.com/images/I/41KsUW-6WOL._SL500_.jpg" alt="Product Image"></a><p>The Original Leather Recoloring Balm by Furniture Clinic - 16 Colors - Leather Repair Kit for Furniture - Restore Couches, Car Seats & More - Leather Dye for Scratched and Faded Leather (Beige)</p><p>$29.95</p><a href="https://www.amazon.com/dp/B00FOKOKMU?tag=eloabder-20&linkCode=osi&th=1&psc=1">View Product</a></div>


<div class="product"><a href="https://www.amazon.com/dp/B0BQX6CPLS?tag=eloabder-20&linkCode=osi&th=1&psc=1"><img src="https://m.media-amazon.com/images/I/51OtuHOIJpL._SL500_.jpg" alt="Product Image"></a><p>Dry Stop Fire Spray by Prepared Hero - 8 Pack - Portable Fire Extinguisher for Home, Car, Garage, Kitchen - Works on Electrical, Grease, Battery Fires & More - Compact, Easy to Use</p><p>$143.99</p><a href="https://www.amazon.com/dp/B0BQX6CPLS?tag=eloabder-20&linkCode=osi&th=1&psc=1">View Product</a></div><div class="product"><a href="https://www.amazon.com/dp/B0BQX76B9K?tag=eloabder-20&linkCode=osi&th=1&psc=1"><img src="https://m.media-amazon.com/images/I/51iHCSuHw5L._SL500_.jpg" alt="Product Image"></a><p>Vapor Clean Fire Spray by Prepared Hero - 8 Pack - Portable Fire Extinguisher for Home, Car, Garage, Kitchen - Works on Electrical, Grease, Battery Fires & More - Compact, Easy to Use</p><p>$143.99</p><a href="https://www.amazon.com/dp/B0BQX76B9K?tag=eloabder-20&linkCode=osi&th=1&psc=1">View Product</a></div><div class="product"><a href="https://www.amazon.com/dp/B0C32NVZJZ?tag=eloabder-20&linkCode=osi&th=1&psc=1"><img src="https://m.media-amazon.com/images/I/61coxTM3mSL._SL500_.jpg" alt="Product Image"></a><p>Houandg Water-Based Fire Extinguisher- 2 Pack Portable Solution for All Fire Types in Homes, Vehicles, Kitchens - Prevents Re-Ignition</p><p>$33.98</p><a href="https://www.amazon.com/dp/B0C32NVZJZ?tag=eloabder-20&linkCode=osi&th=1&psc=1">View Product</a></div>
<div class="product"><a href="https://www.amazon.com/dp/B00L3W1OAO?tag=eloabder-20&linkCode=osi&th=1&psc=1"><img src="https://m.media-amazon.com/images/I/414uILMLuaL._SL500_.jpg" alt="Product Image"></a><p>Pro F/X Rubber Mask Grease Wheel - 1 Ounce - Trauma</p><p>$27.01</p><a href="https://www.amazon.com/dp/B00L3W1OAO?tag=eloabder-20&linkCode=osi&th=1&psc=1">View Product</a></div>
<div class="product"><a href="https://www.amazon.com/dp/B0CZ16SHCH?tag=eloabder-20&linkCode=osi&th=1&psc=1"><img src="https://m.media-amazon.com/images/I/31pYxaz4gYL._SL500_.jpg" alt="Product Image"></a><p>P & S PROFESSIONAL DETAIL PRODUCTS - Rehab - Paint Correction Creme Safe for All Paint Types and with Multiple pad Types - Easy-to-use-Formula Works at Any Stage of Paint Correction - 1 Quart</p><p>$56.95</p><a href="https://www.amazon.com/dp/B0CZ16SHCH?tag=eloabder-20&linkCode=osi&th=1&psc=1">View Product</a></div><div class="product"><a href="https://www.amazon.com/dp/B082BG8HLX?tag=eloabder-20&linkCode=osi&th=1&psc=1"><img src="https://m.media-amazon.com/images/I/31OAXbv7QFL._SL500_.jpg" alt="Product Image"></a><p>Lithium Auto Elixirs Color Crush- A rather intense approach to an Instant Detailer, Infused with color enhancing technology - Extremely Hydrophobic ingredients, long lasting Instant Detailer</p><p>$19.95 ($1.25 / Fl Oz)</p><a href="https://www.amazon.com/dp/B082BG8HLX?tag=eloabder-20&linkCode=osi&th=1&psc=1">View Product</a></div><div class="product"><a href="https://www.amazon.com/dp/B07MTPWZ76?tag=eloabder-20&linkCode=osi&th=1&psc=1"><img src="https://m.media-amazon.com/images/I/41v5yubrqoL._SL500_.jpg" alt="Product Image"></a><p>Lithium Seal and Squeal Paint Sealant/Polish - Incredible Shine and Lasting Protection - Curable Amino Functional Polymers Fused with Si02 Ceramic Nano Technology -Lasts for up to 12 Months (16 oz)</p><p>$39.99 ($2.50 / Ounce)</p><a href="https://www.amazon.com/dp/B07MTPWZ76?tag=eloabder-20&linkCode=osi&th=1&psc=1">View Product</a></div><div class="product"><a href="https://www.amazon.com/dp/B07MVNX377?tag=eloabder-20&linkCode=osi&th=1&psc=1"><img src="https://m.media-amazon.com/images/I/31gEqFf7rhL._SL500_.jpg" alt="Product Image"></a><p>Leather Love - The Best Leather Conditioner On The Planet, Brings Old Leather Back To Life, All Natural Ingredients Mixed With Serious Science, Restores, Rehydrates, Protects (8oz)</p><p>$28.99 ($3.62 / Ounce)</p><a href="https://www.amazon.com/dp/B07MVNX377?tag=eloabder-20&linkCode=osi&th=1&psc=1">View Product</a></div><div class="product"><a href="https://www.amazon.com/dp/B07MTQP514?tag=eloabder-20&linkCode=osi&th=1&psc=1"><img src="https://m.media-amazon.com/images/I/311IYwH-oaL._SL500_.jpg" alt="Product Image"></a><p>Trim Serum- Plastic Restorer- Restores Even the Most Damaged Plastic, Rubber and Vinyl, Last For Months, Penetrates Plastic Pores Restoring Color. (16 Oz)</p><p>$36.99</p><a href="https://www.amazon.com/dp/B07MTQP514?tag=eloabder-20&linkCode=osi&th=1&psc=1">View Product</a></div><div class="product"><a href="https://www.amazon.com/dp/B07236X7TS?tag=eloabder-20&linkCode=osi&th=1&psc=1"><img src="https://m.media-amazon.com/images/I/51-mgxYD9kL._SL500_.jpg" alt="Product Image"></a><p>Skidmore's Biker Edition Leather Cream | All Natural Formula Cleans, Conditions, and Protects your Motorcycle | Made in USA</p><p>$44.98</p><a href="https://www.amazon.com/dp/B07236X7TS?tag=eloabder-20&linkCode=osi&th=1&psc=1">View Product</a></div><div class="product"><a href="https://www.amazon.com/dp/B001CS6HH4?tag=eloabder-20&linkCode=osi&th=1&psc=1"><img src="https://m.media-amazon.com/images/I/41wY0SB+DWL._SL500_.jpg" alt="Product Image"></a><p>Fiebing's Yellow Saddle Soap for Leather (3.5 oz Tin) - Leather Cleaner & Conditioner to Soften, Protect & Restore Leathercraft - Leather Soap for Car Seat, Couch, Shoe, Purse, Boot, Bag, & Saddles</p><p>$7.15 ($2.04 / Ounce)</p><a href="https://www.amazon.com/dp/B001CS6HH4?tag=eloabder-20&linkCode=osi&th=1&psc=1">View Product</a></div><div class="product"><a href="https://www.amazon.com/dp/B08RHZ1BKD?tag=eloabder-20&linkCode=osi&th=1&psc=1"><img src="https://m.media-amazon.com/images/I/21WKh31c4tL._SL500_.jpg" alt="Product Image"></a><p>Lithium Ignite After Wash - Conditions and Shines Surfaces as You Dry. Streak-Free Hydrophobic Formula adds Lubrication to Stop Micro Scratching While Surfaces pop with Color.</p><p>$21.99 ($1.37 / Fl Oz)</p><a href="https://www.amazon.com/dp/B08RHZ1BKD?tag=eloabder-20&linkCode=osi&th=1&psc=1">View Product</a></div><div class="product"><a href="https://www.amazon.com/dp/B0003A1T3E?tag=eloabder-20&linkCode=osi&th=1&psc=1"><img src="https://m.media-amazon.com/images/I/41042PKJ1ZL._SL500_.jpg" alt="Product Image"></a><p>URAD One step All-In-One Leather conditioner 140g - NEUTRAL</p><p>$16.13</p><a href="https://www.amazon.com/dp/B0003A1T3E?tag=eloabder-20&linkCode=osi&th=1&psc=1">View Product</a></div>

<div class="product"><a href="https://www.amazon.com/dp/B0B3NFH3QY?tag=eloabder-20&linkCode=osi&th=1&psc=1"><img src="https://m.media-amazon.com/images/I/51sKVZnP-WL._SL500_.jpg" alt="Product Image"></a><p>Little Joe 96427-6PK I Love Hockey New Car Scent Red Car Air Freshener A/C Vent Clip Uses Alcohol-Free Fragrance Oil is Non-Hazardous and Non-Toxic Plastic, Pack of 6</p><p>$21.99 ($3.66 / Count)</p><a href="https://www.amazon.com/dp/B0B3NFH3QY?tag=eloabder-20&linkCode=osi&th=1&psc=1">View Product</a></div><div class="product"><a href="https://www.amazon.com/dp/B072275K82?tag=eloabder-20&linkCode=osi&th=1&psc=1"><img src="https://m.media-amazon.com/images/I/41wDnF6SiAL._SL500_.jpg" alt="Product Image"></a><p>Little Joe 96404-6PK Fruit Scent, Car Air Freshener, Clips to A/C Air Vent, Alcohol-Free Fragrance Oil, Non-Hazardous and Non-Toxic Plastic, Set of 6</p><p>$16.60 ($2.77 / Count)</p><a href="https://www.amazon.com/dp/B072275K82?tag=eloabder-20&linkCode=osi&th=1&psc=1">View Product</a></div><div class="product"><a href="https://www.amazon.com/dp/B0CQPQ2S4W?tag=eloabder-20&linkCode=osi&th=1&psc=1"><img src="https://m.media-amazon.com/images/I/31iRknmvjeL._SL500_.jpg" alt="Product Image"></a><p>Little Pup 96613 Blue Raspberry Slushy Scent Car Air Freshener A/C Vent Clip Uses Alcohol-Free Fragrance Oil is Non Hazardous and Non Toxic, Pack of 1</p><p>$3.94</p><a href="https://www.amazon.com/dp/B0CQPQ2S4W?tag=eloabder-20&linkCode=osi&th=1&psc=1">View Product</a></div><div class="product"><a href="https://www.amazon.com/dp/B0CQPNMTM4?tag=eloabder-20&linkCode=osi&th=1&psc=1"><img src="https://m.media-amazon.com/images/I/41eEovL+zML._SL500_.jpg" alt="Product Image"></a><p>Little Joe 96414-6PK Orange Creamsicle Scent Car Air Freshener A/C Vent Clip Uses Alcohol-Free Fragrance Oil is Non-Hazardous and Non-Toxic Plastic, Pack of 6</p><p>$25.99 ($4.33 / Count)</p><a href="https://www.amazon.com/dp/B0CQPNMTM4?tag=eloabder-20&linkCode=osi&th=1&psc=1">View Product</a></div><div class="product"><a href="https://www.amazon.com/dp/B0CH9KNNZN?tag=eloabder-20&linkCode=osi&th=1&psc=1"><img src="https://m.media-amazon.com/images/I/41jX66PGMTL._SL500_.jpg" alt="Product Image"></a><p>TAKAVU Clay Bars Auto Detailing 2 Pack X 100g, Premium Grade Material, Magic Clay Bar Cleaner for Cars, RV, Boat and Bus (Grey)</p><p>$9.99</p><a href="https://www.amazon.com/dp/B0CH9KNNZN?tag=eloabder-20&linkCode=osi&th=1&psc=1">View Product</a></div>

<div class="product"><a href="https://www.amazon.com/dp/B004UM6DLE?tag=eloabder-20&linkCode=osi&th=1&psc=1"><img src="https://m.media-amazon.com/images/I/314nawyx6sL._SL500_.jpg" alt="Product Image"></a><p>CARPRO IronX Iron Remover: Stops Rust Spots and Pre-Mature Failure of The Clear Coat, Iron Contaminant Removal - 500mL with Sprayer (17oz)</p><p>$26.78</p><a href="https://www.amazon.com/dp/B004UM6DLE?tag=eloabder-20&linkCode=osi&th=1&psc=1">View Product</a></div><div class="product"><a href="https://www.amazon.com/dp/B01HXZXO98?tag=eloabder-20&linkCode=osi&th=1&psc=1"><img src="https://m.media-amazon.com/images/I/41Ne9OfQGzL._SL500_.jpg" alt="Product Image"></a><p>Chemical Guys CWS80316 Clean Slate Deep Surface Cleaning Car Wash Soap (Removes Old Car Waxes, Glazes & Sealants for Superior Surface Prep), 16 fl oz, Citrus Scent</p><p>$11.99 ($0.75 / Fl Oz)</p><a href="https://www.amazon.com/dp/B01HXZXO98?tag=eloabder-20&linkCode=osi&th=1&psc=1">View Product</a></div><div class="product"><a href="https://www.amazon.com/dp/B07C39H9YX?tag=eloabder-20&linkCode=osi&th=1&psc=1"><img src="https://m.media-amazon.com/images/I/31yK3Vb5xWL._SL500_.jpg" alt="Product Image"></a><p>Adam's Polishes Iron Remover (16oz) - Iron Out Fallout Rust Remover Spray for Car Detailing | Remove Iron Particles in Car Paint, Motorcycle, RV & Boat | Use Before Clay Bar, Car Wax or Car Wash</p><p>$16.99</p><a href="https://www.amazon.com/dp/B07C39H9YX?tag=eloabder-20&linkCode=osi&th=1&psc=1">View Product</a></div><div class="product"><a href="https://www.amazon.com/dp/B0BTJ9DJM5?tag=eloabder-20&linkCode=osi&th=1&psc=1"><img src="https://m.media-amazon.com/images/I/41tNMqlDrxL._SL500_.jpg" alt="Product Image"></a><p>Torque Detail Decon Wash Pack - Decontamination Soap 8oz + Wash Mitt - Surface Strip Wash Car Shampoo - Highly Absorbent Microfiber Chenille Car Wash Mitt Safely Cleans Your Vehicles Entire Surface</p><p>$24.95 ($3.12 / Fl Oz)</p><a href="https://www.amazon.com/dp/B0BTJ9DJM5?tag=eloabder-20&linkCode=osi&th=1&psc=1">View Product</a></div><div class="product"><a href="https://www.amazon.com/dp/B013K5V9PQ?tag=eloabder-20&linkCode=osi&th=1&psc=1"><img src="https://m.media-amazon.com/images/I/41V3rm6NlZL._SL500_.jpg" alt="Product Image"></a><p>CARPRO PolyShave Decon Towel - Car Detailing Clay Decontamination Faster than Clay Bar, Clean & Release of Paint Contaminants and Glass - Increase Wax and Sealant Bond - 12" x 12" (1 Pack)</p><p>$39.97</p><a href="https://www.amazon.com/dp/B013K5V9PQ?tag=eloabder-20&linkCode=osi&th=1&psc=1">View Product</a></div><div class="product"><a href="https://www.amazon.com/dp/B0B788NBWG?tag=eloabder-20&linkCode=osi&th=1&psc=1"><img src="https://m.media-amazon.com/images/I/51NDfAOuEmL._SL500_.jpg" alt="Product Image"></a><p>P & S Professional Detail Products - Clay Decontamination Towel - Effective Cleaning & Release of Paint Contaminants; Increase Wax & Sealant Bond; Enhance Gloss & Depth of Color; Fine Grade-12" x 12"</p><p>$34.95</p><a href="https://www.amazon.com/dp/B0B788NBWG?tag=eloabder-20&linkCode=osi&th=1&psc=1">View Product</a></div><div class="product"><a href="https://www.amazon.com/dp/B0B27TFK69?tag=eloabder-20&linkCode=osi&th=1&psc=1"><img src="https://m.media-amazon.com/images/I/41zJPQIcqeL._SL500_.jpg" alt="Product Image"></a><p>The Rag Company - Ultra Clay Decontamination Mitt - Easy to Use; Effective Cleaning & Release of Paint Contaminants; Increase Wax & Sealant Bond; Enhance Gloss &Color Depth; Fine Grade (8.7"x5.7")</p><p>$34.95</p><a href="https://www.amazon.com/dp/B0B27TFK69?tag=eloabder-20&linkCode=osi&th=1&psc=1">View Product</a></div><div class="product"><a href="https://www.amazon.com/dp/B0C6XBN14N?tag=eloabder-20&linkCode=osi&th=1&psc=1"><img src="https://m.media-amazon.com/images/I/31BSavOJ89L._SL500_.jpg" alt="Product Image"></a><p>3D Iron Remover GLW Series | DIY Car Detailing | Hyper Effective Wheel Decontamination | Removes Iron Particles, Dirt, Brake Dust | Rapid Results | Ultimate Iron & Surface Contaminate Eliminator, 16oz</p><p>$17.99</p><a href="https://www.amazon.com/dp/B0C6XBN14N?tag=eloabder-20&linkCode=osi&th=1&psc=1">View Product</a></div>







<div class="product"><a href="https://www.amazon.com/dp/B0D2SPCW3G?tag=eloabder-20&linkCode=osi&th=1&psc=1"><img src="https://m.media-amazon.com/images/I/41JYIg6xqqL._SL500_.jpg" alt="Product Image"></a><p>Crankcase Ventilation Oil Separator with Gasket Compatible for 2008-2014 Volvo Mack D13 D16 MP8 Engine Replace 21122541 20499419</p><p>$155.99</p><a href="https://www.amazon.com/dp/B0D2SPCW3G?tag=eloabder-20&linkCode=osi&th=1&psc=1">View Product</a></div>

<div class="product"><a href="https://www.amazon.com/dp/B0C6M2FHGX?tag=eloabder-20&linkCode=osi&th=1&psc=1"><img src="https://m.media-amazon.com/images/I/21wWRrpHdbL._SL500_.jpg" alt="Product Image"></a><p>eMagTech 9PCS Warning Sign Please No Smoking Vaping Food Drink Stickers 110x50mm Self-Adhesive Vinyl Window Decal for Car Taxis Buses Minibuses</p><p>$9.49</p><a href="https://www.amazon.com/dp/B0C6M2FHGX?tag=eloabder-20&linkCode=osi&th=1&psc=1">View Product</a></div>

Aucun résultat trouvé.

<div class="product"><a href="https://www.amazon.com/dp/B0CVWZZMRY?tag=eloabder-20&linkCode=osi&th=1&psc=1"><img src="https://m.media-amazon.com/images/I/512y-1GwQNL._SL500_.jpg" alt="Product Image"></a><p>Jewkot 4 PCS Car Wiper Strip, 28" Boneless Structure Car Windshield Cleaning Wiper Strip, DIY Length Auxiliary Cleaning Replacement Accessory, Suitable for Most Cars, Vans, Trucks, Buses (Black)</p><p>$5.58</p><a href="https://www.amazon.com/dp/B0CVWZZMRY?tag=eloabder-20&linkCode=osi&th=1&psc=1">View Product</a></div>
<div class="product"><a href="https://www.amazon.com/dp/B07L3VQC6W?tag=eloabder-20&linkCode=osi&th=1&psc=1"><img src="https://m.media-amazon.com/images/I/41GebP+2HYL._SL500_.jpg" alt="Product Image"></a><p>BRISA VW Collection Volkswagen Air Freshener, Room Freshener, Deodorizer for Cars T1 Bus Campervan Motif (Citrus/Yellow/Set of 2)</p><p>$13.90 ($6.95 / Count)</p><a href="https://www.amazon.com/dp/B07L3VQC6W?tag=eloabder-20&linkCode=osi&th=1&psc=1">View Product</a></div><div class="product"><a href="https://www.amazon.com/dp/B07L3V86JS?tag=eloabder-20&linkCode=osi&th=1&psc=1"><img src="https://m.media-amazon.com/images/I/41TblWhKhQL._SL500_.jpg" alt="Product Image"></a><p>BRISA VW Collection Volkswagen Air Freshener, Room Freshener, Deodorizer for Cars T1 Bus Campervan Motif (New Car/Green/Set of 2)</p><p>$13.90 ($6.95 / Count)</p><a href="https://www.amazon.com/dp/B07L3V86JS?tag=eloabder-20&linkCode=osi&th=1&psc=1">View Product</a></div>


Aucun résultat trouvé.










<div class="product"><a href="https://www.amazon.com/dp/B099HL5SV2?tag=eloabder-20&linkCode=osi&th=1&psc=1"><img src="https://m.media-amazon.com/images/I/31kcR8HnylL._SL500_.jpg" alt="Product Image"></a><p>Philips GoPure GP5212 High Performance HEPA Air Purifier for Car, Removes up to 100 Pollutants, Exhaust Fumes, VOCs, Smoke, Bad Odors, Bacteria and Viruses</p><p>$77.59</p><a href="https://www.amazon.com/dp/B099HL5SV2?tag=eloabder-20&linkCode=osi&th=1&psc=1">View Product</a></div><div class="product"><a href="https://www.amazon.com/dp/B07TB419F7?tag=eloabder-20&linkCode=osi&th=1&psc=1"><img src="https://m.media-amazon.com/images/I/41l9XK-u-eL._SL500_.jpg" alt="Product Image"></a><p>Enoch Ionic Car Air Purifier with Dual USB Car Charger. Car Air Freshener Eliminates Odor, Dust. Removes Smoke, Pet and Food Odor. Ionic Ozone Car Deodorizer (Matt Black)</p><p>$24.50</p><a href="https://www.amazon.com/dp/B07TB419F7?tag=eloabder-20&linkCode=osi&th=1&psc=1">View Product</a></div><div class="product"><a href="https://www.amazon.com/dp/B08C9LKKMM?tag=eloabder-20&linkCode=osi&th=1&psc=1"><img src="https://m.media-amazon.com/images/I/41uJDRzxfrL._SL500_.jpg" alt="Product Image"></a><p>4WDKING Car Air Purifier Ionizer, 12V Plug-in Car Air Freshener Gadgets with Dual USB Charger Removes Cigarette Smoke, Pet and Food Odor, Ionic Ozone (Black)</p><p>$22.99</p><a href="https://www.amazon.com/dp/B08C9LKKMM?tag=eloabder-20&linkCode=osi&th=1&psc=1">View Product</a></div><div class="product"><a href="https://www.amazon.com/dp/B07C7D366L?tag=eloabder-20&linkCode=osi&th=1&psc=1"><img src="https://m.media-amazon.com/images/I/51GvjMcOskL._SL500_.jpg" alt="Product Image"></a><p>Car Air Purifier Ionizer - 12V Plug-in Ionic Anti-Microbial Car Deodorizer with Dual USB Charger - Smoke Smell, Pet and Food Odors, Allergens, Viruses Eliminator for Car (Matte Silver)</p><p>$24.99</p><a href="https://www.amazon.com/dp/B07C7D366L?tag=eloabder-20&linkCode=osi&th=1&psc=1">View Product</a></div><div class="product"><a href="https://www.amazon.com/dp/B086H3FW7T?tag=eloabder-20&linkCode=osi&th=1&psc=1"><img src="https://m.media-amazon.com/images/I/51FfQTz4koL._SL500_.jpg" alt="Product Image"></a><p>bmbu 1000g Large Bamboo Charcoal Air Purifier Bag - Car Deodorizer/Car Freshener - Remove Odor and Control Moisture in Your RV, Camper, SUV, Car, Truck, Closet, Mobile Home, Storage - Non Fragrant</p><p>$22.99 ($0.65 / Ounce)</p><a href="https://www.amazon.com/dp/B086H3FW7T?tag=eloabder-20&linkCode=osi&th=1&psc=1">View Product</a></div><div class="product"><a href="https://www.amazon.com/dp/B019NXUJ5K?tag=eloabder-20&linkCode=osi&th=1&psc=1"><img src="https://m.media-amazon.com/images/I/31grLw6pdUL._SL500_.jpg" alt="Product Image"></a><p>PURGGO Car Air Freshener - Lasts 365+ Days No Chemicals 100% Activated Bamboo Charcoal Fragrance-Free Deodorizer, Natural Auto Odor Eliminator, Purifier, Neutralizer, Absorb Smoke Smell</p><p>$25.99</p><a href="https://www.amazon.com/dp/B019NXUJ5K?tag=eloabder-20&linkCode=osi&th=1&psc=1">View Product</a></div><div class="product"><a href="https://www.amazon.com/dp/B0CT5TBKH5?tag=eloabder-20&linkCode=osi&th=1&psc=1"><img src="https://m.media-amazon.com/images/I/41UB7n6FuwL._SL500_.jpg" alt="Product Image"></a><p>Timgle 1 Pack Car Air Freshener, Lasts 365+ Days, No Chemicals 100% Activated Bamboo Charcoal Fragrance, Free Deodorizer, Natural Auto Odor Eliminator, Purifier, Neutralizer (Khaki Strap)</p><p>$10.99</p><a href="https://www.amazon.com/dp/B0CT5TBKH5?tag=eloabder-20&linkCode=osi&th=1&psc=1">View Product</a></div><div class="product"><a href="https://www.amazon.com/dp/B00V4049K2?tag=eloabder-20&linkCode=osi&th=1&psc=1"><img src="https://m.media-amazon.com/images/I/51rLLMGOc6L._SL500_.jpg" alt="Product Image"></a><p>PURGGO Car Air Freshener - Auto Odor Eliminator - 100% Activated Bamboo Charcoal Air Purifier, Ionizer - Absorb and Remove Smoke Smell - Fragrance-Free Deodorizer - Lasts 365+ Days [Classic Beige]</p><p>$25.99</p><a href="https://www.amazon.com/dp/B00V4049K2?tag=eloabder-20&linkCode=osi&th=1&psc=1">View Product</a></div>








<div class="product"><a href="https://www.amazon.com/dp/B00RYGK12K?tag=eloabder-20&linkCode=osi&th=1&psc=1"><img src="https://m.media-amazon.com/images/I/51RdEyCkvuL._SL500_.jpg" alt="Product Image"></a><p>Little Trees Cardboard Hanging Car, Home & Office Air Freshener, Summer Linen (Pack of 12)</p><p>$11.82 ($0.98 / Count)</p><a href="https://www.amazon.com/dp/B00RYGK12K?tag=eloabder-20&linkCode=osi&th=1&psc=1">View Product</a></div><div class="product"><a href="https://www.amazon.com/dp/B00LM54ZD0?tag=eloabder-20&linkCode=osi&th=1&psc=1"><img src="https://m.media-amazon.com/images/I/41YuRNweefL._SL500_.jpg" alt="Product Image"></a><p>LITTLE TREES Air Fresheners Car Air Freshener. Hanging Tree Provides Long Lasting Scent for Auto or Home. Black Ice, 24 Air Fresheners</p><p>$20.19 ($0.84 / Count)</p><a href="https://www.amazon.com/dp/B00LM54ZD0?tag=eloabder-20&linkCode=osi&th=1&psc=1">View Product</a></div><div class="product"><a href="https://www.amazon.com/dp/B09BB4V1Y8?tag=eloabder-20&linkCode=osi&th=1&psc=1"><img src="https://m.media-amazon.com/images/I/51AKMdDLO-L._SL500_.jpg" alt="Product Image"></a><p>DRIVEJOY Car Air Freshener Vent Clips, 8 PK, 6 Ocean, 2 New Car Scent, Car Fresheners for Men Women, Up to 240 Days, Long Lasting Air Freshener for Car, Odor Eliminator</p><p>$9.98 ($9.60 / Fl Oz)</p><a href="https://www.amazon.com/dp/B09BB4V1Y8?tag=eloabder-20&linkCode=osi&th=1&psc=1">View Product</a></div><div class="product"><a href="https://www.amazon.com/dp/B078JWRLYT?tag=eloabder-20&linkCode=osi&th=1&psc=1"><img src="https://m.media-amazon.com/images/I/41shbIl-LEL._SL500_.jpg" alt="Product Image"></a><p>California Scents Air Freshener 4-Pack Car Air Freshener (Coronado Cherry)</p><p>$12.88 ($2.15 / Ounce)</p><a href="https://www.amazon.com/dp/B078JWRLYT?tag=eloabder-20&linkCode=osi&th=1&psc=1">View Product</a></div><div class="product"><a href="https://www.amazon.com/dp/B0CW4CJWW9?tag=eloabder-20&linkCode=osi&th=1&psc=1"><img src="https://m.media-amazon.com/images/I/417lKQ0MXPL._SL500_.jpg" alt="Product Image"></a><p>Karma, Essential Oil Air Freshener for Cars Set of 2, Home & Office - Colorful Decorative Hanging Air Freshener with Tassel, Buttercup Vanilla Scented</p><p>$8.40 ($4.20 / Count)</p><a href="https://www.amazon.com/dp/B0CW4CJWW9?tag=eloabder-20&linkCode=osi&th=1&psc=1">View Product</a></div><div class="product"><a href="https://www.amazon.com/dp/B00AYCXL2I?tag=eloabder-20&linkCode=osi&th=1&psc=1"><img src="https://m.media-amazon.com/images/I/5165h10nKbL._SL500_.jpg" alt="Product Image"></a><p>Febreze Car Air Fresheners, New Car Scent, Odor Eliminator for Strong Odors Car Vent Clips (2 Count)</p><p>$9.98 ($4.99 / Count)</p><a href="https://www.amazon.com/dp/B00AYCXL2I?tag=eloabder-20&linkCode=osi&th=1&psc=1">View Product</a></div><div class="product"><a href="https://www.amazon.com/dp/B01LZ0N1MJ?tag=eloabder-20&linkCode=osi&th=1&psc=1"><img src="https://m.media-amazon.com/images/I/41J5LJGof9L._SL500_.jpg" alt="Product Image"></a><p>LITTLE TREES Car Air Freshener | Hanging Paper Tree for Home or Car | New Car Scent | 12 Pack</p><p>$11.70 ($0.98 / Count)</p><a href="https://www.amazon.com/dp/B01LZ0N1MJ?tag=eloabder-20&linkCode=osi&th=1&psc=1">View Product</a></div><div class="product"><a href="https://www.amazon.com/dp/B0C2Q2VGPZ?tag=eloabder-20&linkCode=osi&th=1&psc=1"><img src="https://m.media-amazon.com/images/I/413gckSL1EL._SL500_.jpg" alt="Product Image"></a><p>Savage Disposable Card Freshener for Men | Car Scents Air Freshener with Sauvage Fragrance | Strong Car Perfume Air Freshener with Odour Eliminating Technology | Suvage by Perfa</p><p>$6.99</p><a href="https://www.amazon.com/dp/B0C2Q2VGPZ?tag=eloabder-20&linkCode=osi&th=1&psc=1">View Product</a></div>




<div class="product"><a href="https://www.amazon.com/dp/B06WVL7YSG?tag=eloabder-20&linkCode=osi&th=1&psc=1"><img src="https://m.media-amazon.com/images/I/51fO0NuM6nL._SL500_.jpg" alt="Product Image"></a><p>Meguiar's Quik Scratch Eraser Kit, Car Scratch Remover for Repairing Surface Blemishes, Car Care Kit with ScratchX, Drill-Mounted Pad, and Microfiber Towel, 3 Count</p><p>$17.97</p><a href="https://www.amazon.com/dp/B06WVL7YSG?tag=eloabder-20&linkCode=osi&th=1&psc=1">View Product</a></div><div class="product"><a href="https://www.amazon.com/dp/B00P67GSRG?tag=eloabder-20&linkCode=osi&th=1&psc=1"><img src="https://m.media-amazon.com/images/I/41R-vt8tcnL._SL500_.jpg" alt="Product Image"></a><p>Chemical Guys GAP_VKIT_16 V Line Polish and Compound Kit For Light to Heavy Swirls & Scratches (Safe for Cars, Trucks, SUVs, RVs, Motorcycles, & More) 4 - 16 fl oz Items</p><p>$69.99</p><a href="https://www.amazon.com/dp/B00P67GSRG?tag=eloabder-20&linkCode=osi&th=1&psc=1">View Product</a></div>
<div class="product"><a href="https://www.amazon.com/dp/B0BQ1CPLSQ?tag=eloabder-20&linkCode=osi&th=1&psc=1"><img src="https://m.media-amazon.com/images/I/41ikSNNgp5L._SL500_.jpg" alt="Product Image"></a><p>PROPER DETAILING CO. Car Detailing Kit Interior Cleaner, Get Professional Results - Car Interior Cleaning Kit includes 16 oz. interior cleaner, premium boars hair detail brush, and 2 microfiber towels</p><p>$23.99</p><a href="https://www.amazon.com/dp/B0BQ1CPLSQ?tag=eloabder-20&linkCode=osi&th=1&psc=1">View Product</a></div>






<div class="product"><a href="https://www.amazon.com/dp/B004VG6SWS?tag=eloabder-20&linkCode=osi&th=1&psc=1"><img src="https://m.media-amazon.com/images/I/31M54KTIo2L._SL500_.jpg" alt="Product Image"></a><p>3M Scotchgard Clear Paint Protection Bulk Film Roll 12-by-72-inches</p><p>$38.00</p><a href="https://www.amazon.com/dp/B004VG6SWS?tag=eloabder-20&linkCode=osi&th=1&psc=1">View Product</a></div><div class="product"><a href="https://www.amazon.com/dp/B073X7WF5J?tag=eloabder-20&linkCode=osi&th=1&psc=1"><img src="https://m.media-amazon.com/images/I/41PIPchJvFL._SL500_.jpg" alt="Product Image"></a><p>VViViD 3M Clear Paint Protection Vinyl Film 6 Inch x 25 Inch</p><p>$9.99</p><a href="https://www.amazon.com/dp/B073X7WF5J?tag=eloabder-20&linkCode=osi&th=1&psc=1">View Product</a></div>

<div class="product"><a href="https://www.amazon.com/dp/B09VLKQY83?tag=eloabder-20&linkCode=osi&th=1&psc=1"><img src="https://m.media-amazon.com/images/I/41HrqrTIGUL._SL500_.jpg" alt="Product Image"></a><p>Charcoal 2PLY Nano Ceramic 20% VLT Car Tint 36 in x 25 FT Professional Window Tint Heat, UV 99%, and IRR 85% to 90% Tint for Cars or Building Adhesive Film Easy Shrink, Plotter Friendly</p><p>$56.95 ($0.76 / Sq Ft)</p><a href="https://www.amazon.com/dp/B09VLKQY83?tag=eloabder-20&linkCode=osi&th=1&psc=1">View Product</a></div><div class="product"><a href="https://www.amazon.com/dp/B000CAM2ZO?tag=eloabder-20&linkCode=osi&th=1&psc=1"><img src="https://m.media-amazon.com/images/I/31zB99KwKWL._SL500_.jpg" alt="Product Image"></a><p>Black Magic 5060107 Professional Anti-Heat Layer Tint Film, 5% VLT, 24-Inches x 78-Inches</p><p>$20.26 ($1.56 / Sq Ft)</p><a href="https://www.amazon.com/dp/B000CAM2ZO?tag=eloabder-20&linkCode=osi&th=1&psc=1">View Product</a></div>

<div class="product"><a href="https://www.amazon.com/dp/B081T7N948?tag=eloabder-20&linkCode=osi&th=1&psc=1"><img src="https://m.media-amazon.com/images/I/41q0eWfEB3L._SL500_.jpg" alt="Product Image"></a><p>PULIDIKI Car Cleaning Gel Universal Detailing Kit Automotive Dust Car Crevice Cleaner Slime Auto Air Vent Interior Detail Removal for Car Putty Cleaning Keyboard Cleaner Car Accessories Blue</p><p>$5.94</p><a href="https://www.amazon.com/dp/B081T7N948?tag=eloabder-20&linkCode=osi&th=1&psc=1">View Product</a></div><div class="product"><a href="https://www.amazon.com/dp/B0CRKX3D9J?tag=eloabder-20&linkCode=osi&th=1&psc=1"><img src="https://m.media-amazon.com/images/I/51aymO4P7aL._SL500_.jpg" alt="Product Image"></a><p>PULIDIKI Car Cleaning Gel for Car Cleaning Putty Car Putty Auto Detailing Tools Car Slime Cleaner Dust Cleaning Gel for Car Interior Cleaner Car Accessories Keyboard Cleaner Blue (2Pack)</p><p>$9.99</p><a href="https://www.amazon.com/dp/B0CRKX3D9J?tag=eloabder-20&linkCode=osi&th=1&psc=1">View Product</a></div><div class="product"><a href="https://www.amazon.com/dp/B0988X73FW?tag=eloabder-20&linkCode=osi&th=1&psc=1"><img src="https://m.media-amazon.com/images/I/51qQkFSZAIL._SL500_.jpg" alt="Product Image"></a><p>TICARVE Car Cleaning Gel Detailing Putty Car Putty Auto Detailing Tools Car Interior Cleaner Cleaning Slime Car Accessories Keyboard Cleaner Rose/NT WT: 5.6 oz (160 gr)</p><p>$6.98</p><a href="https://www.amazon.com/dp/B0988X73FW?tag=eloabder-20&linkCode=osi&th=1&psc=1">View Product</a></div><div class="product"><a href="https://www.amazon.com/dp/B08RDNV8KQ?tag=eloabder-20&linkCode=osi&th=1&psc=1"><img src="https://m.media-amazon.com/images/I/51DwR48ghvL._SL500_.jpg" alt="Product Image"></a><p>TICARVE Cleaning Gel for Car Detailing Car Vent Cleaner Cleaning Putty Gel Auto Car Interior Cleaner Dust Cleaning Mud for Cars and Keyboard Cleaner Cleaning Slime Purple</p><p>$6.99</p><a href="https://www.amazon.com/dp/B08RDNV8KQ?tag=eloabder-20&linkCode=osi&th=1&psc=1">View Product</a></div><div class="product"><a href="https://www.amazon.com/dp/B07SBNH48K?tag=eloabder-20&linkCode=osi&th=1&psc=1"><img src="https://m.media-amazon.com/images/I/51MyrDaYquL._SL500_.jpg" alt="Product Image"></a><p>COLORCORAL Cleaning Gel for Car Universal Gel Cleaner Auto Detailing Car Vent Keyboard Cleaning Putty Car Interior Cleaner Dashboard Dust Remover Putty Auto Duster Cleaning Kit 160G</p><p>$6.99</p><a href="https://www.amazon.com/dp/B07SBNH48K?tag=eloabder-20&linkCode=osi&th=1&psc=1">View Product</a></div><div class="product"><a href="https://www.amazon.com/dp/B0D1CB8RP2?tag=eloabder-20&linkCode=osi&th=1&psc=1"><img src="https://m.media-amazon.com/images/I/51MPeMNItzL._SL500_.jpg" alt="Product Image"></a><p>ALIOBC Car Cleaning Gel, Keyboard Cleaner Cleaning Putty for Car Interior Car Slime Cleaner Dust Cleaning Gel Car Putty for Cleaning Car Gel Cleaner Blue NT.WT.: 5.6 oz (160 g)</p><p>$6.99</p><a href="https://www.amazon.com/dp/B0D1CB8RP2?tag=eloabder-20&linkCode=osi&th=1&psc=1">View Product</a></div><div class="product"><a href="https://www.amazon.com/dp/B09995RLLH?tag=eloabder-20&linkCode=osi&th=1&psc=1"><img src="https://m.media-amazon.com/images/I/51hASKz7MnL._SL500_.jpg" alt="Product Image"></a><p>TICARVE 2Pack Cleaning Gel for Car Cleaning Putty Car Slime for Cleaning Car Detailing Putty Detail Tools Car Interior Cleaner Automotive Car Cleaning Kits Keyboard Cleaner Blue Purple (320g/11.2oz)</p><p>$7.99</p><a href="https://www.amazon.com/dp/B09995RLLH?tag=eloabder-20&linkCode=osi&th=1&psc=1">View Product</a></div><div class="product"><a href="https://www.amazon.com/dp/B0D6X5K8CY?tag=eloabder-20&linkCode=osi&th=1&psc=1"><img src="https://m.media-amazon.com/images/I/51C3FExB5RL._SL500_.jpg" alt="Product Image"></a><p>Dust Away Universal Car Cleaning Gel Automotive Detail Putty Crevice Cleaning Slime for Air Vents Interiors Keyboards Laptops & Electronics Versatile Home & Office Accessories Fresh Scent (Lime Green)</p><p>$5.88</p><a href="https://www.amazon.com/dp/B0D6X5K8CY?tag=eloabder-20&linkCode=osi&th=1&psc=1">View Product</a></div>


<div class="product"><a href="https://www.amazon.com/dp/B0BB9M5TSP?tag=eloabder-20&linkCode=osi&th=1&psc=1"><img src="https://m.media-amazon.com/images/I/51NEhgC0fNL._SL500_.jpg" alt="Product Image"></a><p>Ouzorp Car Wheel Scratch repair Rim Touch Up Paint Rim Scratch Repair Pen Quick And Easy Wheel（silver）</p><p>$10.99 ($15.48 / Fl Oz)</p><a href="https://www.amazon.com/dp/B0BB9M5TSP?tag=eloabder-20&linkCode=osi&th=1&psc=1">View Product</a></div>

<div class="product"><a href="https://www.amazon.com/dp/B0D464228M?tag=eloabder-20&linkCode=osi&th=1&psc=1"><img src="https://m.media-amazon.com/images/I/315VtBe9l-L._SL500_.jpg" alt="Product Image"></a><p>Drift Car Air Freshener - Wood Air Freshener - Car Odor Eliminator - Open Air Scent Starter Kit</p><p>$11.95</p><a href="https://www.amazon.com/dp/B0D464228M?tag=eloabder-20&linkCode=osi&th=1&psc=1">View Product</a></div>
<div class="product"><a href="https://www.amazon.com/dp/B071HR14SJ?tag=eloabder-20&linkCode=osi&th=1&psc=1"><img src="https://m.media-amazon.com/images/I/41crypCefDL._SL500_.jpg" alt="Product Image"></a><p>Meguiar's Gold Class Car Wash Soap, Ultra-Rich Car Wash Soap and Conditioner for Car Cleaning, Car Wash Soap to Clean and Condition in One Easy Step, 1 Gallon Car Wash Soap</p><p>$24.99 ($0.20 / Ounce)</p><a href="https://www.amazon.com/dp/B071HR14SJ?tag=eloabder-20&linkCode=osi&th=1&psc=1">View Product</a></div><div class="product"><a href="https://www.amazon.com/dp/B085R9L9Q9?tag=eloabder-20&linkCode=osi&th=1&psc=1"><img src="https://m.media-amazon.com/images/I/41tAv1FNbZL._SL500_.jpg" alt="Product Image"></a><p>Armor All Extreme Shield Protectant Spray , Interior Car Cleaner with UV Protection Against Cracking and Fading, 16 Fl Oz</p><p>$8.98 ($0.56 / Fl Oz)</p><a href="https://www.amazon.com/dp/B085R9L9Q9?tag=eloabder-20&linkCode=osi&th=1&psc=1">View Product</a></div><div class="product"><a href="https://www.amazon.com/dp/B016NA9Y4S?tag=eloabder-20&linkCode=osi&th=1&psc=1"><img src="https://m.media-amazon.com/images/I/31oz8VJFdjL._SL500_.jpg" alt="Product Image"></a><p>Rain-X 5079281-2 Latitude 2-In-1 Wiper Blades, 26 Inch Windshield Wipers (Pack Of 1), Automotive Replacement Windshield Wiper Blades With Patented Rain-X Water Repellency Formula</p><p>$17.08</p><a href="https://www.amazon.com/dp/B016NA9Y4S?tag=eloabder-20&linkCode=osi&th=1&psc=1">View Product</a></div><div class="product"><a href="https://www.amazon.com/dp/B0D2PCCJVK?tag=eloabder-20&linkCode=osi&th=1&psc=1"><img src="https://m.media-amazon.com/images/I/41BFT-c3a9L._SL500_.jpg" alt="Product Image"></a><p>HoogaLife Car Air Freshener Diffuser – Revitalize Your Drive with Hanging Air Freshener Diffuser Aromatic Bliss On The Go(VANILLA CREAM)</p><p>$12.99 ($24.06 / Fl Oz)</p><a href="https://www.amazon.com/dp/B0D2PCCJVK?tag=eloabder-20&linkCode=osi&th=1&psc=1">View Product</a></div><div class="product"><a href="https://www.amazon.com/dp/B0D17SKCLF?tag=eloabder-20&linkCode=osi&th=1&psc=1"><img src="https://m.media-amazon.com/images/I/51VjaK8JNmL._SL500_.jpg" alt="Product Image"></a><p>AIDEA Car Wash Mitt Microfiber, 1PK-Scratch-Free& Lint-Free, Premium Chenille Microfiber Wash Mitt-Green Regular Size (7.12''X10.14'')</p><p>$5.99</p><a href="https://www.amazon.com/dp/B0D17SKCLF?tag=eloabder-20&linkCode=osi&th=1&psc=1">View Product</a></div>








<div class="product"><a href="https://www.amazon.com/dp/B00UZE8D00?tag=eloabder-20&linkCode=osi&th=1&psc=1"><img src="https://m.media-amazon.com/images/I/517VVkgvgcL._SL500_.jpg" alt="Product Image"></a><p>Chemical Guys HOL_996 Convertible Top Cleaner and Protectant Kit, 16 oz, 2 Items</p><p>$29.99</p><a href="https://www.amazon.com/dp/B00UZE8D00?tag=eloabder-20&linkCode=osi&th=1&psc=1">View Product</a></div><div class="product"><a href="https://www.amazon.com/dp/B004HCS4NW?tag=eloabder-20&linkCode=osi&th=1&psc=1"><img src="https://m.media-amazon.com/images/I/41j5b6xRqNL._SL500_.jpg" alt="Product Image"></a><p>Meguiar's Convertible Top Cleaner - Fabric Convertible Top Cleaner and Vinyl Convertible Top Cleaner in One Advanced Formula - Safely Removes Stains, Mildew, Bird Droppings, and More, 16 Oz</p><p>$6.87 ($0.43 / Ounce)</p><a href="https://www.amazon.com/dp/B004HCS4NW?tag=eloabder-20&linkCode=osi&th=1&psc=1">View Product</a></div><div class="product"><a href="https://www.amazon.com/dp/B00UZE80N0?tag=eloabder-20&linkCode=osi&th=1&psc=1"><img src="https://m.media-amazon.com/images/I/31FG83SK9SL._SL500_.jpg" alt="Product Image"></a><p>Chemical Guys SPI_193_16 Convertible Top Protectant and Repellent, (Helps Prevent Fading & Discoloration on Fabric Sot Tops) 16 fl oz (Packaging May Vary)</p><p>$19.99 ($1.25 / Fl Oz)</p><a href="https://www.amazon.com/dp/B00UZE80N0?tag=eloabder-20&linkCode=osi&th=1&psc=1">View Product</a></div><div class="product"><a href="https://www.amazon.com/dp/B00UZE8C1A?tag=eloabder-20&linkCode=osi&th=1&psc=1"><img src="https://m.media-amazon.com/images/I/31aLnXKZxfL._SL500_.jpg" alt="Product Image"></a><p>Chemical Guys ACC_S94 Convertible Top Horse Hair Cleaning Brush, Safe for Cloth Soft Tops, Upholstery, Leather, Furniture, & More</p><p>$14.99</p><a href="https://www.amazon.com/dp/B00UZE8C1A?tag=eloabder-20&linkCode=osi&th=1&psc=1">View Product</a></div><div class="product"><a href="https://www.amazon.com/dp/B000A8JNF0?tag=eloabder-20&linkCode=osi&th=1&psc=1"><img src="https://m.media-amazon.com/images/I/51PLChiVIrL._SL500_.jpg" alt="Product Image"></a><p>303 Products Convertible Fabric Top Cleaning and Care Kit - Cleans And Protects Fabric Tops - Includes Tonneau Cover And Convertible Top Cleaner 16 fl. oz. + Fabric Guard, (30520)</p><p>$32.79 ($1.02 / Fl Oz)</p><a href="https://www.amazon.com/dp/B000A8JNF0?tag=eloabder-20&linkCode=osi&th=1&psc=1">View Product</a></div>
<div class="product"><a href="https://www.amazon.com/dp/B0BCQ1XMWV?tag=eloabder-20&linkCode=osi&th=1&psc=1"><img src="https://m.media-amazon.com/images/I/41lV6Au-S9L._SL500_.jpg" alt="Product Image"></a><p>EMITHSUN® Windshield Wiper Blades Replacement for Honda Civic Coupe 2 Door 2005-2011,That Meet OEM Quality Front Wipers Blade Set for My Car-28"+24"(Set of 2)</p><p>$19.99</p><a href="https://www.amazon.com/dp/B0BCQ1XMWV?tag=eloabder-20&linkCode=osi&th=1&psc=1">View Product</a></div>
<div class="product"><a href="https://www.amazon.com/dp/B00I8ITVZG?tag=eloabder-20&linkCode=osi&th=1&psc=1"><img src="https://m.media-amazon.com/images/I/41TXd564pcL._SL500_.jpg" alt="Product Image"></a><p>ECOGARD XC36067 Premium Cabin Air Filter Fits Hyundai Genesis 2009-2016, Equus 2011-2016 | Genesis G80 2017-2021, G90 2019-2021, GV80 2021 | Kia K900 2020</p><p>$10.98</p><a href="https://www.amazon.com/dp/B00I8ITVZG?tag=eloabder-20&linkCode=osi&th=1&psc=1">View Product</a></div>

<div class="product"><a href="https://www.amazon.com/dp/B097C3NCP1?tag=eloabder-20&linkCode=osi&th=1&psc=1"><img src="https://m.media-amazon.com/images/I/41GXST2+s6L._SL500_.jpg" alt="Product Image"></a><p>Raidbee 12 inch Rear Wiper Blade Replacement for Toyota Corolla Hatchback 2022-2019, Nissan Versa 2019-2014 Back Windshield Wiper (H306/12-B)</p><p>$6.99</p><a href="https://www.amazon.com/dp/B097C3NCP1?tag=eloabder-20&linkCode=osi&th=1&psc=1">View Product</a></div>



<div class="product"><a href="https://www.amazon.com/dp/B0CQ4MLKHJ?tag=eloabder-20&linkCode=osi&th=1&psc=1"><img src="https://m.media-amazon.com/images/I/519f8covwQL._SL500_.jpg" alt="Product Image"></a><p>Feetiger All-in-1 Fire Extinguisher for Home, Kitchen, Car, Garage, RV, Truck, Boat, Camping, Fire Spray that Tackles Multiple Types of Fire, 2pack</p><p>$39.99</p><a href="https://www.amazon.com/dp/B0CQ4MLKHJ?tag=eloabder-20&linkCode=osi&th=1&psc=1">View Product</a></div>
<div class="product"><a href="https://www.amazon.com/dp/B07TS4JV6H?tag=eloabder-20&linkCode=osi&th=1&psc=1"><img src="https://m.media-amazon.com/images/I/412htpDd6fL._SL500_.jpg" alt="Product Image"></a><p>Police Flag Air Freshener, New Car Scent, 6-Pack</p><p>$9.99 ($1.66 / Count)</p><a href="https://www.amazon.com/dp/B07TS4JV6H?tag=eloabder-20&linkCode=osi&th=1&psc=1">View Product</a></div>


<div class="product"><a href="https://www.amazon.com/dp/B009EU5ZNO?tag=eloabder-20&linkCode=osi&th=1&psc=1"><img src="https://m.media-amazon.com/images/I/515MJLZbnoL._SL500_.jpg" alt="Product Image"></a><p>J-B Weld 50133 Plastic Bonder Structural Adhesive Syringe - Tan - 25 ml</p><p>$6.98 ($8.21 / Fl Oz)</p><a href="https://www.amazon.com/dp/B009EU5ZNO?tag=eloabder-20&linkCode=osi&th=1&psc=1">View Product</a></div>



<div class="product"><a href="https://www.amazon.com/dp/B09P6YZP72?tag=eloabder-20&linkCode=osi&th=1&psc=1"><img src="https://m.media-amazon.com/images/I/416rlvu+ayL._SL500_.jpg" alt="Product Image"></a><p>AUTOBOO 26"+20" Windshield Wipers with 16" Rear Wiper Blade Replacement for Dodge Grand Caravan 2008-2012 2013 2014 2015 2016 2017 2018 2019 -Original Factory Quality (Pack of 3)</p><p>$23.99</p><a href="https://www.amazon.com/dp/B09P6YZP72?tag=eloabder-20&linkCode=osi&th=1&psc=1">View Product</a></div><div class="product"><a href="https://www.amazon.com/dp/B0BLYQBDS8?tag=eloabder-20&linkCode=osi&th=1&psc=1"><img src="https://m.media-amazon.com/images/I/51SbpSR2zBL._SL500_.jpg" alt="Product Image"></a><p>A-Premium Engine Air Filter Compatible with Chrysler Town & Country & Dodge Grand Caravan & Ram C/V & Volkswagen Routan, 2011-2020, Flexible Panel, Replace# 4861737AA</p><p>$12.99</p><a href="https://www.amazon.com/dp/B0BLYQBDS8?tag=eloabder-20&linkCode=osi&th=1&psc=1">View Product</a></div>
<div class="product"><a href="https://www.amazon.com/dp/B001FCB4JS?tag=eloabder-20&linkCode=osi&th=1&psc=1"><img src="https://m.media-amazon.com/images/I/21wq6fxqiVL._SL500_.jpg" alt="Product Image"></a><p>Dicor BT-1834-1 Butyl Seal Tape - 1/8" x 3/4" x 30' Repair Tape for RV, Trailer, Motorhome, Window, and Vent Sealing</p><p>$13.15 ($0.44 / Foot)</p><a href="https://www.amazon.com/dp/B001FCB4JS?tag=eloabder-20&linkCode=osi&th=1&psc=1">View Product</a></div>
<div class="product"><a href="https://www.amazon.com/dp/B000BUQOD6?tag=eloabder-20&linkCode=osi&th=1&psc=1"><img src="https://m.media-amazon.com/images/I/41O0CoP1L3L._SL500_.jpg" alt="Product Image"></a><p>Camco Camper/RV Toilet Paper | Sewer-Safe, Septic-Safe & Biodegradable | Designed for Camper, Trailer & Marine Sanitation Systems | 1-Ply Tissue | 4 Toilet Paper Rolls – 280 Sheets per Roll (40275)</p><p>$5.99 ($2.14 / 100 Sheets)</p><a href="https://www.amazon.com/dp/B000BUQOD6?tag=eloabder-20&linkCode=osi&th=1&psc=1">View Product</a></div><div class="product"><a href="https://www.amazon.com/dp/B007JG1W1E?tag=eloabder-20&linkCode=osi&th=1&psc=1"><img src="https://m.media-amazon.com/images/I/41i-j99E9ML._SL500_.jpg" alt="Product Image"></a><p>Camco TST Camper / RV Grey Water Odor Control - Removes Grease Buildup in Gray Water Tank, Sink & Shower Drains - 4oz Treats 40-Gal Holding Tank - Safe Septic Tank Treatment - Lemon, 64 oz (40256)</p><p>$19.94 ($0.31 / Fl Oz)</p><a href="https://www.amazon.com/dp/B007JG1W1E?tag=eloabder-20&linkCode=osi&th=1&psc=1">View Product</a></div><div class="product"><a href="https://www.amazon.com/dp/B016V2OSD0?tag=eloabder-20&linkCode=osi&th=1&psc=1"><img src="https://m.media-amazon.com/images/I/31Jm99RYVXL._SL500_.jpg" alt="Product Image"></a><p>Camco TST MAX RV Toilet Treatment Drop-INs | Control Unwanted Odors and Break Down Waste and Tissue | Septic Tank Safe | Lavender Scent | 15-pack (41559)</p><p>$11.97 ($0.80 / Count)</p><a href="https://www.amazon.com/dp/B016V2OSD0?tag=eloabder-20&linkCode=osi&th=1&psc=1">View Product</a></div>






<div class="product"><a href="https://www.amazon.com/dp/B006GJYOL0?tag=eloabder-20&linkCode=osi&th=1&psc=1"><img src="https://m.media-amazon.com/images/I/41YPjiCzDfL._SL500_.jpg" alt="Product Image"></a><p>Boat Bling HS-0128 Hot Sauce Hard Water Spot Remover, Gallon Refill, for Boats, RVs, Powersport Vehicles and More, Black,1 Gallon</p><p>$54.95 ($0.43 / Fl Oz)</p><a href="https://www.amazon.com/dp/B006GJYOL0?tag=eloabder-20&linkCode=osi&th=1&psc=1">View Product</a></div><div class="product"><a href="https://www.amazon.com/dp/B0000AXVCB?tag=eloabder-20&linkCode=osi&th=1&psc=1"><img src="https://m.media-amazon.com/images/I/51gtsDb7zDL._SL500_.jpg" alt="Product Image"></a><p>Meguiar's M4364 Marine/RV Boat Wash - 64 Oz Container</p><p>$13.99 ($0.22 / Fl Oz)</p><a href="https://www.amazon.com/dp/B0000AXVCB?tag=eloabder-20&linkCode=osi&th=1&psc=1">View Product</a></div><div class="product"><a href="https://www.amazon.com/dp/B0007TR47G?tag=eloabder-20&linkCode=osi&th=1&psc=1"><img src="https://m.media-amazon.com/images/I/41Q4SzlVojL._SL500_.jpg" alt="Product Image"></a><p>Meguiar's Flagship Premium Marine Wax, Boat Polish and Oxidation Remover - 32 Oz Bottle</p><p>$21.49</p><a href="https://www.amazon.com/dp/B0007TR47G?tag=eloabder-20&linkCode=osi&th=1&psc=1">View Product</a></div><div class="product"><a href="https://www.amazon.com/dp/B006GJYLFY?tag=eloabder-20&linkCode=osi&th=1&psc=1"><img src="https://m.media-amazon.com/images/I/31G78TSjssL._SL500_.jpg" alt="Product Image"></a><p>Boat Bling Condition Sauce Premium Interior Moisturizer w/UV Protection, 32 oz.</p><p>$27.95</p><a href="https://www.amazon.com/dp/B006GJYLFY?tag=eloabder-20&linkCode=osi&th=1&psc=1">View Product</a></div><div class="product"><a href="https://www.amazon.com/dp/B006GJYKWI?tag=eloabder-20&linkCode=osi&th=1&psc=1"><img src="https://m.media-amazon.com/images/I/41AcDanNz-L._SL500_.jpg" alt="Product Image"></a><p>Boat Bling VS-0032 Vinyl Sauce Premium Vinyl and Leather Cleaner, 32 Oz., for Boats, RVs, Powersport Vehicles and More</p><p>$22.95 ($0.72 / Fl Oz)</p><a href="https://www.amazon.com/dp/B006GJYKWI?tag=eloabder-20&linkCode=osi&th=1&psc=1">View Product</a></div>
<div class="product"><a href="https://www.amazon.com/dp/B004OJTEKK?tag=eloabder-20&linkCode=osi&th=1&psc=1"><img src="https://m.media-amazon.com/images/I/41q8kkNiKOL._SL500_.jpg" alt="Product Image"></a><p>Shurhold Yacht Brite YBP-0302 Brite Wash - 1 Gallon</p><p>$23.97 ($0.19 / Fl Oz)</p><a href="https://www.amazon.com/dp/B004OJTEKK?tag=eloabder-20&linkCode=osi&th=1&psc=1">View Product</a></div>




<div class="product"><a href="https://www.amazon.com/dp/B0B2RDZNZB?tag=eloabder-20&linkCode=osi&th=1&psc=1"><img src="https://m.media-amazon.com/images/I/51RVSUoRuGL._SL500_.jpg" alt="Product Image"></a><p>Fancemot Helicopter Car Air Fresheners Rotating Solar Car Fresheners Airplane Car Perfume (Osmanthus & Vanilla)</p><p>$14.08</p><a href="https://www.amazon.com/dp/B0B2RDZNZB?tag=eloabder-20&linkCode=osi&th=1&psc=1">View Product</a></div><div class="product"><a href="https://www.amazon.com/dp/B0994PG1ZD?tag=eloabder-20&linkCode=osi&th=1&psc=1"><img src="https://m.media-amazon.com/images/I/413er0A8cVS._SL500_.jpg" alt="Product Image"></a><p>NICEADA Car Air Freshener, Helicopter Solar Energy Rotating Aromatherapy Aviation Al Alloy Diffuser, Interior Decoration Accessories Diffuser for Car and Home (Silver)</p><p>$23.99</p><a href="https://www.amazon.com/dp/B0994PG1ZD?tag=eloabder-20&linkCode=osi&th=1&psc=1">View Product</a></div><div class="product"><a href="https://www.amazon.com/dp/B09ZTMZKSJ?tag=eloabder-20&linkCode=osi&th=1&psc=1"><img src="https://m.media-amazon.com/images/I/41rz5PydC9L._SL500_.jpg" alt="Product Image"></a><p>Air Freshener, Gigicloud Car Fragrance Diffuser Solar Rotating Automotive Air Fresheners Ornament Helicopter Shape Solid Aromatherapy Decoration for Car and Home (Black)</p><p>$15.49</p><a href="https://www.amazon.com/dp/B09ZTMZKSJ?tag=eloabder-20&linkCode=osi&th=1&psc=1">View Product</a></div><div class="product"><a href="https://www.amazon.com/dp/B0CWNNPCD3?tag=eloabder-20&linkCode=osi&th=1&psc=1"><img src="https://m.media-amazon.com/images/I/51nznnJJhfL._SL500_.jpg" alt="Product Image"></a><p>Car Air Freshener Diffuser, KaiDengZhe 1PCS Helicopter Solar Energy Rotating Aromatherapy Aviation Al Alloy Diffuser, Car Diffuser for Essential Oils, Relieve Stress and Purifie Odors for Car and Home</p><p>$15.99</p><a href="https://www.amazon.com/dp/B0CWNNPCD3?tag=eloabder-20&linkCode=osi&th=1&psc=1">View Product</a></div><div class="product"><a href="https://www.amazon.com/dp/B0B8T47G65?tag=eloabder-20&linkCode=osi&th=1&psc=1"><img src="https://m.media-amazon.com/images/I/41d6cgVheqL._SL500_.jpg" alt="Product Image"></a><p>Joyfunky Car Air Fresheners with Solar Rotating, Creative Car Perfume Decoration, Relieve Stress and Purifie Odors, Use at Car, office and Home, Silver</p><p>$12.99</p><a href="https://www.amazon.com/dp/B0B8T47G65?tag=eloabder-20&linkCode=osi&th=1&psc=1">View Product</a></div><div class="product"><a href="https://www.amazon.com/dp/B0D4ZHJVK8?tag=eloabder-20&linkCode=osi&th=1&psc=1"><img src="https://m.media-amazon.com/images/I/41sEhsjtb4L._SL500_.jpg" alt="Product Image"></a><p>NICEADA Helicopter Solar Car Air Freshener Refill Set, Solar Essential Oil Refill Perfume Oil for Car Air Fresheners(4 Packs)</p><p>$21.99 ($24.99 / Fl Oz)</p><a href="https://www.amazon.com/dp/B0D4ZHJVK8?tag=eloabder-20&linkCode=osi&th=1&psc=1">View Product</a></div><div class="product"><a href="https://www.amazon.com/dp/B0D251XW47?tag=eloabder-20&linkCode=osi&th=1&psc=1"><img src="https://m.media-amazon.com/images/I/41x6lmNq9fL._SL500_.jpg" alt="Product Image"></a><p>Helicopter Car Air Fresheners with Solar Rotating, Creative Car Perfume Decoration, Car Airplane Fragrance Diffuser for Car, Home, Office (Silver)</p><p>$13.09</p><a href="https://www.amazon.com/dp/B0D251XW47?tag=eloabder-20&linkCode=osi&th=1&psc=1">View Product</a></div>

<div class="product"><a href="https://www.amazon.com/dp/B0D4154TQG?tag=eloabder-20&linkCode=osi&th=1&psc=1"><img src="https://m.media-amazon.com/images/I/217Iw-nO3UL._SL500_.jpg" alt="Product Image"></a><p>RV Curtain Glide Tape A115, 1/2 Inch Glides Clear RV Curtain Strip Curtain Slide Tape 72 Inches Long Use with Ceiling or Wall Mount Curtain Track A201 A202 (2 Pack)</p><p>$17.99</p><a href="https://www.amazon.com/dp/B0D4154TQG?tag=eloabder-20&linkCode=osi&th=1&psc=1">View Product</a></div>
<div class="product"><a href="https://www.amazon.com/dp/B08W4PQN8L?tag=eloabder-20&linkCode=osi&th=1&psc=1"><img src="https://m.media-amazon.com/images/I/41udmrd6QTL._SL500_.jpg" alt="Product Image"></a><p>Hot Air Balloon Novelty Air Freshener for Car - Sandalwood Scented Automotive Accessory New Mexico Souvenir Gift (Pack of 4)</p><p>$7.99 ($2.00 / Count)</p><a href="https://www.amazon.com/dp/B08W4PQN8L?tag=eloabder-20&linkCode=osi&th=1&psc=1">View Product</a></div>















<div class="product"><a href="https://www.amazon.com/dp/B0CP87K2VD?tag=eloabder-20&linkCode=osi&th=1&psc=1"><img src="https://m.media-amazon.com/images/I/41dTH4OPkcL._SL500_.jpg" alt="Product Image"></a><p>For harley air cleaner filter Touring street glide road king electra tri trike Dyna Sportster XL 883 1200 Softail air intake (Drift style -Contrast Cut, C-For Touring 08-16, Softail 16-17)</p><p>$125.00</p><a href="https://www.amazon.com/dp/B0CP87K2VD?tag=eloabder-20&linkCode=osi&th=1&psc=1">View Product</a></div><div class="product"><a href="https://www.amazon.com/dp/B08DNLNY3G?tag=eloabder-20&linkCode=osi&th=1&psc=1"><img src="https://m.media-amazon.com/images/I/51baNj3o8CL._SL500_.jpg" alt="Product Image"></a><p>2963308 HD1508 Ultra Classic Air Filter Cleaner for 2008-2014 Harley Davidson Street Glide, Electra Glide, Road King, Road Glide Custom, Ultra Classic and other select models HD-1508</p><p>$21.99</p><a href="https://www.amazon.com/dp/B08DNLNY3G?tag=eloabder-20&linkCode=osi&th=1&psc=1">View Product</a></div><div class="product"><a href="https://www.amazon.com/dp/B0CQ2KKC3N?tag=eloabder-20&linkCode=osi&th=1&psc=1"><img src="https://m.media-amazon.com/images/I/31W2a0gAwIL._SL500_.jpg" alt="Product Image"></a><p>High-Flo Replacement Air Filter Element For Ventilator - Milwaukee-Eight Engine '18-later Softail and '17-later Touring and Trike Models Equipped with 114 Air Cleaner</p><p>$39.99</p><a href="https://www.amazon.com/dp/B0CQ2KKC3N?tag=eloabder-20&linkCode=osi&th=1&psc=1">View Product</a></div><div class="product"><a href="https://www.amazon.com/dp/B0CPJ5BSGM?tag=eloabder-20&linkCode=osi&th=1&psc=1"><img src="https://m.media-amazon.com/images/I/41cUadnGKpL._SL500_.jpg" alt="Product Image"></a><p>For harley air cleaner filter sportster street road glide king for harley davidson motorcycle air intake (Nake style -Black, A-For Sportster XL models)</p><p>$169.00</p><a href="https://www.amazon.com/dp/B0CPJ5BSGM?tag=eloabder-20&linkCode=osi&th=1&psc=1">View Product</a></div><div class="product"><a href="https://www.amazon.com/dp/B0CR17NS1M?tag=eloabder-20&linkCode=osi&th=1&psc=1"><img src="https://m.media-amazon.com/images/I/41n57oM0A-L._SL500_.jpg" alt="Product Image"></a><p>For harley air cleaner filter Sportster Softail Touring street road king glide Dyna for harley davidson air intake filters (Speed 7 style -gray filter, C-For Touring 08-16, Softail 16-17)</p><p>$89.00</p><a href="https://www.amazon.com/dp/B0CR17NS1M?tag=eloabder-20&linkCode=osi&th=1&psc=1">View Product</a></div><div class="product"><a href="https://www.amazon.com/dp/B0CR167HDN?tag=eloabder-20&linkCode=osi&th=1&psc=1"><img src="https://m.media-amazon.com/images/I/41o4byfzbRL._SL500_.jpg" alt="Product Image"></a><p>For harley davidson air cleaner filter sportster Touring street glide road king electra Dyna Softail motorcycle air intake (Chromed- gray filter, C-For Touring 2008-2016)</p><p>$99.00</p><a href="https://www.amazon.com/dp/B0CR167HDN?tag=eloabder-20&linkCode=osi&th=1&psc=1">View Product</a></div>







<div class="product"><a href="https://www.amazon.com/dp/B08WH8CWDM?tag=eloabder-20&linkCode=osi&th=1&psc=1"><img src="https://m.media-amazon.com/images/I/41Jj3ouB+1L._SL500_.jpg" alt="Product Image"></a><p>Glaze 'N Seal Color Enhancer Paver Sealer, 1 Gallon (923)</p><p>$62.99</p><a href="https://www.amazon.com/dp/B08WH8CWDM?tag=eloabder-20&linkCode=osi&th=1&psc=1">View Product</a></div>

<div class="product"><a href="https://www.amazon.com/dp/B0B58G8WRX?tag=eloabder-20&linkCode=osi&th=1&psc=1"><img src="https://m.media-amazon.com/images/I/41hjxJMTGJL._SL500_.jpg" alt="Product Image"></a><p>Solarhome Air Filter 333-D2696 333D2696 Compatible with JCB Backhoe Loader 3CX 4CX Telehandler 531-70</p><p>$34.50</p><a href="https://www.amazon.com/dp/B0B58G8WRX?tag=eloabder-20&linkCode=osi&th=1&psc=1">View Product</a></div>




<div class="product"><a href="https://www.amazon.com/dp/B07G7XG6BV?tag=eloabder-20&linkCode=osi&th=1&psc=1"><img src="https://m.media-amazon.com/images/I/510tZGutn6L._SL500_.jpg" alt="Product Image"></a><p>Holikme 6Pack Cleaning Brush Power Scrubber Cleaning Brush Extended Long Attachment Set All Purpose Scrub Brushes Kit for Grout, Floor, Tub, Shower, Tile, Bathroom,Car Cleaning Brush，Yellow</p><p>$6.95</p><a href="https://www.amazon.com/dp/B07G7XG6BV?tag=eloabder-20&linkCode=osi&th=1&psc=1">View Product</a></div>



<div class="product"><a href="https://www.amazon.com/dp/B000FW2NWQ?tag=eloabder-20&linkCode=osi&th=1&psc=1"><img src="https://m.media-amazon.com/images/I/31VlBDw7uDL._SL500_.jpg" alt="Product Image"></a><p>Performance Tool W233 12-Inch Long Reach Extension Scraper with 3pc Double Edged Plastic Razor Scraper Blades and 3pc Carbon Steel Razor Scraper Blades</p><p>$10.31</p><a href="https://www.amazon.com/dp/B000FW2NWQ?tag=eloabder-20&linkCode=osi&th=1&psc=1">View Product</a></div>
<div class="product"><a href="https://www.amazon.com/dp/B0BV2CQ5SW?tag=eloabder-20&linkCode=osi&th=1&psc=1"><img src="https://m.media-amazon.com/images/I/51VkTDjGg4L._SL500_.jpg" alt="Product Image"></a><p>Filterelated Mixed Bed Deionized Di Resin Filter Fill, Suitable For Spotless Car Wash System Filter Change, Tds Filter, Aquarium Filter, Deionized Car Wash,5 Liters</p><p>$49.99</p><a href="https://www.amazon.com/dp/B0BV2CQ5SW?tag=eloabder-20&linkCode=osi&th=1&psc=1">View Product</a></div><div class="product"><a href="https://www.amazon.com/dp/B01MRVQ9UE?tag=eloabder-20&linkCode=osi&th=1&psc=1"><img src="https://m.media-amazon.com/images/I/51+i6fjU6tL._SL500_.jpg" alt="Product Image"></a><p>Husqvarna XP Pre-Mixed Fuel and Engine Oil Quart (3 Pack),Blue</p><p>$32.99 ($0.34 / Count)</p><a href="https://www.amazon.com/dp/B01MRVQ9UE?tag=eloabder-20&linkCode=osi&th=1&psc=1">View Product</a></div>




<div class="product"><a href="https://www.amazon.com/dp/B01N2G2NEJ?tag=eloabder-20&linkCode=osi&th=1&psc=1"><img src="https://m.media-amazon.com/images/I/41-5g4zEDpL._SL500_.jpg" alt="Product Image"></a><p>Chemical Guys SPI10816 Heavy Duty Water Spot Remover, Safe for Cars, Trucks, Motorcycles, RVs & More, 16 fl oz</p><p>$17.97 ($1.12 / Fl Oz)</p><a href="https://www.amazon.com/dp/B01N2G2NEJ?tag=eloabder-20&linkCode=osi&th=1&psc=1">View Product</a></div>









<div class="product"><a href="https://www.amazon.com/dp/B08YRVH2QV?tag=eloabder-20&linkCode=osi&th=1&psc=1"><img src="https://m.media-amazon.com/images/I/5164O-Jr2QL._SL500_.jpg" alt="Product Image"></a><p>Thetford AquaMAX Summer Cypress Scent RV Holding Tank Treatment, Formaldehyde Free, Waste Digester, Septic Tank Safe, 5 Gallon Bottle (96754)</p><p>$248.18</p><a href="https://www.amazon.com/dp/B08YRVH2QV?tag=eloabder-20&linkCode=osi&th=1&psc=1">View Product</a></div><div class="product"><a href="https://www.amazon.com/dp/B0BPMW7485?tag=eloabder-20&linkCode=osi&th=1&psc=1"><img src="https://m.media-amazon.com/images/I/51WNuQeew7L._SL500_.jpg" alt="Product Image"></a><p>XFasten Butyl Tape Black 1/2” x 30’ x 1/8" Butyl Sealant Tape Headlight Sealant Putty Tape | Black Butyl Caulking Tape | Butyl Tape RV Putty Tape EPDM Automotive Butyl Rubber Window Sealant for RV</p><p>$13.99 ($0.47 / Foot)</p><a href="https://www.amazon.com/dp/B0BPMW7485?tag=eloabder-20&linkCode=osi&th=1&psc=1">View Product</a></div>
<div class="product"><a href="https://www.amazon.com/dp/B006DXWZQU?tag=eloabder-20&linkCode=osi&th=1&psc=1"><img src="https://m.media-amazon.com/images/I/41wtqfFFfQL._SL500_.jpg" alt="Product Image"></a><p>FRAM Ultra Synthetic Automotive Replacement Oil Filter, Designed for Synthetic Oil Changes Lasting up to 20k Miles, XG10575 with SureGrip (Pack of 1)</p><p>$10.79</p><a href="https://www.amazon.com/dp/B006DXWZQU?tag=eloabder-20&linkCode=osi&th=1&psc=1">View Product</a></div><div class="product"><a href="https://www.amazon.com/dp/B01LH7L0XA?tag=eloabder-20&linkCode=osi&th=1&psc=1"><img src="https://m.media-amazon.com/images/I/41yD3QmbyZL._SL500_.jpg" alt="Product Image"></a><p>Shell Rotella T4 Triple Protection Conventional 15W-40 Diesel Engine Oil (1-Gallon, Single Pack)</p><p>$15.98 ($0.12 / Fl Oz)</p><a href="https://www.amazon.com/dp/B01LH7L0XA?tag=eloabder-20&linkCode=osi&th=1&psc=1">View Product</a></div><div class="product"><a href="https://www.amazon.com/dp/B00ICSWGJ0?tag=eloabder-20&linkCode=osi&th=1&psc=1"><img src="https://m.media-amazon.com/images/I/41Ahz5dVc5L._SL500_.jpg" alt="Product Image"></a><p>Castrol Edge 5W-30 Advanced Full Synthetic Motor Oil, 5 Quarts</p><p>$24.72 ($0.15 / Fl Oz)</p><a href="https://www.amazon.com/dp/B00ICSWGJ0?tag=eloabder-20&linkCode=osi&th=1&psc=1">View Product</a></div><div class="product"><a href="https://www.amazon.com/dp/B01N8RPDT8?tag=eloabder-20&linkCode=osi&th=1&psc=1"><img src="https://m.media-amazon.com/images/I/41Qm+9e8sCL._SL500_.jpg" alt="Product Image"></a><p>Motorcraft - Oil - Engine (XO10W305Q3SD)</p><p>$32.27</p><a href="https://www.amazon.com/dp/B01N8RPDT8?tag=eloabder-20&linkCode=osi&th=1&psc=1">View Product</a></div>
<div class="product"><a href="https://www.amazon.com/dp/B07FTRZLM5?tag=eloabder-20&linkCode=osi&th=1&psc=1"><img src="https://m.media-amazon.com/images/I/416uoNYOsXL._SL500_.jpg" alt="Product Image"></a><p>Chemical Guys HOL126 14-Piece Arsenal Builder Car Wash Kit with Foam Gun, Bucket, and (5) 16 oz Car Care Cleaning Chemicals, Gift for Car & Truck Lovers, Dads and DIYers (Works w/Garden Hose)</p><p>$119.99</p><a href="https://www.amazon.com/dp/B07FTRZLM5?tag=eloabder-20&linkCode=osi&th=1&psc=1">View Product</a></div><div class="product"><a href="https://www.amazon.com/dp/B0741RL23Q?tag=eloabder-20&linkCode=osi&th=1&psc=1"><img src="https://m.media-amazon.com/images/I/410wwKZBYVL._SL500_.jpg" alt="Product Image"></a><p>Chemical Guys SPI220 Total Interior Cleaner and Protectant, Safe for Cars, Trucks, SUVs, Jeeps, Motorcycles, RVs & More, 128 fl oz (1 Gallon)</p><p>$54.99 ($0.43 / Fl Oz)</p><a href="https://www.amazon.com/dp/B0741RL23Q?tag=eloabder-20&linkCode=osi&th=1&psc=1">View Product</a></div><div class="product"><a href="https://www.amazon.com/dp/B002J7VX4Y?tag=eloabder-20&linkCode=osi&th=1&psc=1"><img src="https://m.media-amazon.com/images/I/41oijnffQ0L._SL500_.jpg" alt="Product Image"></a><p>Chemical Guys AIR_101_16 New Car Smell Premium Air Freshener and Odor Eliminator, Long-Lasting Scent, Great for Cars, Trucks, SUVs, RVs & More, 16 fl oz</p><p>$10.99 ($0.69 / Fl Oz)</p><a href="https://www.amazon.com/dp/B002J7VX4Y?tag=eloabder-20&linkCode=osi&th=1&psc=1">View Product</a></div><div class="product"><a href="https://www.amazon.com/dp/B077TPG55M?tag=eloabder-20&linkCode=osi&th=1&psc=1"><img src="https://m.media-amazon.com/images/I/51aYksYRthL._SL500_.jpg" alt="Product Image"></a><p>Chemical Guys CWS20264 Tough Mudder Foaming Truck, Off Road, ATV and RV Heavy Duty Wash Soap,(Works with Foam Cannons, Foam Guns or Bucket Washes), 64 fl oz (Half Gallon), Lemon Scent</p><p>$39.99 ($0.62 / Fl Oz)</p><a href="https://www.amazon.com/dp/B077TPG55M?tag=eloabder-20&linkCode=osi&th=1&psc=1">View Product</a></div><div class="product"><a href="https://www.amazon.com/dp/B00BJCAPEE?tag=eloabder-20&linkCode=osi&th=1&psc=1"><img src="https://m.media-amazon.com/images/I/416RIPKVW1L._SL500_.jpg" alt="Product Image"></a><p>Chemical Guys CWS_402 Mr. Pink Foaming Car Wash Soap (Works with Foam Cannons, Foam Guns or Bucket Washes) Safe for Cars, Trucks, Motorcycles, RVs & More, 128 fl oz, Candy Scent</p><p>$39.99 ($0.31 / Fl Oz)</p><a href="https://www.amazon.com/dp/B00BJCAPEE?tag=eloabder-20&linkCode=osi&th=1&psc=1">View Product</a></div><div class="product"><a href="https://www.amazon.com/dp/B01C6AISUK?tag=eloabder-20&linkCode=osi&th=1&psc=1"><img src="https://m.media-amazon.com/images/I/41FrDCDPB6S._SL500_.jpg" alt="Product Image"></a><p>Chemical Guys CLD_700_16 Mat Renew Rubber + Vinyl Floor Mat Cleaner And Protectant, Safe for Cars, Trucks, SUVs, Motorcycles, RVs & More, 16 fl oz</p><p>$10.99 ($0.69 / Fl Oz)</p><a href="https://www.amazon.com/dp/B01C6AISUK?tag=eloabder-20&linkCode=osi&th=1&psc=1">View Product</a></div><div class="product"><a href="https://www.amazon.com/dp/B01N76S0A7?tag=eloabder-20&linkCode=osi&th=1&psc=1"><img src="https://m.media-amazon.com/images/I/51jurhYPCgL._SL500_.jpg" alt="Product Image"></a><p>Chemical Guys HOL131 Premium Chenille Microfiber Car Wash Mop and Heavy Duty Extendable Pole Kit (Great for RVs, Trucks, SUVs, Jeeps & Large Vehicles), With Mr. Pink Foaming Car Wash Soap - 4 fl oz</p><p>$49.99</p><a href="https://www.amazon.com/dp/B01N76S0A7?tag=eloabder-20&linkCode=osi&th=1&psc=1">View Product</a></div><div class="product"><a href="https://www.amazon.com/dp/B009OTW646?tag=eloabder-20&linkCode=osi&th=1&psc=1"><img src="https://m.media-amazon.com/images/I/41lG36UqLBL._SL500_.jpg" alt="Product Image"></a><p>Chemical Guys CWS 110 Honeydew Snow Foam Car Wash Soap (Works with Foam Cannons, Guns or Bucket Washes) Safe for Trucks, Motorcycles, RVs & More, 128 fl oz (1 Gallon), Honeydew Scent</p><p>$39.99 ($0.31 / Fl Oz)</p><a href="https://www.amazon.com/dp/B009OTW646?tag=eloabder-20&linkCode=osi&th=1&psc=1">View Product</a></div><div class="product"><a href="https://www.amazon.com/dp/B08P54Z2C2?tag=eloabder-20&linkCode=osi&th=1&psc=1"><img src="https://m.media-amazon.com/images/I/41Ra65iS2OL._SL500_.jpg" alt="Product Image"></a><p>Chemical Guys WAC23316 HydroSpeed Ceramic Quick Detailer, Safe for Cars, Trucks, SUVs, Motorcycles, RVs & More, 16 fl oz</p><p>$24.99</p><a href="https://www.amazon.com/dp/B08P54Z2C2?tag=eloabder-20&linkCode=osi&th=1&psc=1">View Product</a></div>
<div class="product"><a href="https://www.amazon.com/dp/B0C7WLPQC7?tag=eloabder-20&linkCode=osi&th=1&psc=1"><img src="https://m.media-amazon.com/images/I/41hJeSxsSWL._SL500_.jpg" alt="Product Image"></a><p>Detail King Car Odor Removal - Chlorine Dioxide Cup - Extreme Odor Eliminator For Car - Safe And Easy To Use (3 Oz (Pack of 1) - Plastic)</p><p>$24.95 ($8.32 / Ounce)</p><a href="https://www.amazon.com/dp/B0C7WLPQC7?tag=eloabder-20&linkCode=osi&th=1&psc=1">View Product</a></div>

<div class="product"><a href="https://www.amazon.com/dp/B0052XFWCG?tag=eloabder-20&linkCode=osi&th=1&psc=1"><img src="https://m.media-amazon.com/images/I/41qajeJVXLL._SL500_.jpg" alt="Product Image"></a><p>Hot Shot's Secret HSS64Z Original Stiction Eliminator 64 Fluid Ounce Bottle, Green</p><p>$53.45 ($0.84 / Fl Oz)</p><a href="https://www.amazon.com/dp/B0052XFWCG?tag=eloabder-20&linkCode=osi&th=1&psc=1">View Product</a></div><div class="product"><a href="https://www.amazon.com/dp/B009M64CAW?tag=eloabder-20&linkCode=osi&th=1&psc=1"><img src="https://m.media-amazon.com/images/I/417D8X0nkBL._SL500_.jpg" alt="Product Image"></a><p>Lucas Oil 10679 Hot Rod & Classic Car SAE 10W-30 Motor Oil - 5 Quart</p><p>$38.50 ($0.24 / Fl Oz)</p><a href="https://www.amazon.com/dp/B009M64CAW?tag=eloabder-20&linkCode=osi&th=1&psc=1">View Product</a></div><div class="product"><a href="https://www.amazon.com/dp/B01L9ARY9O?tag=eloabder-20&linkCode=osi&th=1&psc=1"><img src="https://m.media-amazon.com/images/I/51yaZAYH75L._SL500_.jpg" alt="Product Image"></a><p>FPPF Chemical Co 00161 16 OZ HOT 4-in-1 Heating Oil Treatment (2 Bottles)</p><p>$26.42</p><a href="https://www.amazon.com/dp/B01L9ARY9O?tag=eloabder-20&linkCode=osi&th=1&psc=1">View Product</a></div><div class="product"><a href="https://www.amazon.com/dp/B009M64CUM?tag=eloabder-20&linkCode=osi&th=1&psc=1"><img src="https://m.media-amazon.com/images/I/41yiWaF8YQL._SL500_.jpg" alt="Product Image"></a><p>Lucas Oil 10683 Hot Rod & Classic Car SAE 10W-40 Motor Oil - 5 Quart</p><p>$43.24 ($0.27 / Fl Oz)</p><a href="https://www.amazon.com/dp/B009M64CUM?tag=eloabder-20&linkCode=osi&th=1&psc=1">View Product</a></div><div class="product"><a href="https://www.amazon.com/dp/B0973HNRH9?tag=eloabder-20&linkCode=osi&th=1&psc=1"><img src="https://m.media-amazon.com/images/I/41kyGGJa--L._SL500_.jpg" alt="Product Image"></a><p>Hot Shot's Secret FR3 Friction Reducer 64 Fluid Ounce 2 Quarts, Light Yellow Liquid, (HSSFR364Z)</p><p>$59.73 ($0.93 / Fl Oz)</p><a href="https://www.amazon.com/dp/B0973HNRH9?tag=eloabder-20&linkCode=osi&th=1&psc=1">View Product</a></div><div class="product"><a href="https://www.amazon.com/dp/B082YFQQ25?tag=eloabder-20&linkCode=osi&th=1&psc=1"><img src="https://m.media-amazon.com/images/I/511PTX7LlZL._SL500_.jpg" alt="Product Image"></a><p>Hot Shot's Secret Green Diamond 100 Percent Synthetic 15W40 Oil Diesel 1 Gallon</p><p>$39.99 ($0.31 / Fl Oz)</p><a href="https://www.amazon.com/dp/B082YFQQ25?tag=eloabder-20&linkCode=osi&th=1&psc=1">View Product</a></div>















<div class="product"><a href="https://www.amazon.com/dp/B08PTMXCJL?tag=eloabder-20&linkCode=osi&th=1&psc=1"><img src="https://m.media-amazon.com/images/I/410eJv-7UHL._SL500_.jpg" alt="Product Image"></a><p>Moly Grease | 3% Molybdenum Disulfide | Fifth Wheel | 5th | Automotive | Tractor | Axle | Spline | CV Joint | Lithium EP Grease | High Temp | 35 LB Pail Bucket | Black Moly | NLGI 2 | HeavyDuty Moly</p><p>$174.99 ($0.31 / Ounce)</p><a href="https://www.amazon.com/dp/B08PTMXCJL?tag=eloabder-20&linkCode=osi&th=1&psc=1">View Product</a></div><div class="product"><a href="https://www.amazon.com/dp/B08PTHJTK5?tag=eloabder-20&linkCode=osi&th=1&psc=1"><img src="https://m.media-amazon.com/images/I/41VdMjJ38aL._SL500_.jpg" alt="Product Image"></a><p>Wheel Bearing Grease Pail | Lithium Complex | High Temp EP | CV Joint | Axle | Automotive | Tractor | Truck | Ball Joint | Marine Boat | Gear | Heavy Duty | Blue | 35 LB Bucket | NLGI 2 | MultiPurpose</p><p>$167.99 ($0.30 / Ounce)</p><a href="https://www.amazon.com/dp/B08PTHJTK5?tag=eloabder-20&linkCode=osi&th=1&psc=1">View Product</a></div><div class="product"><a href="https://www.amazon.com/dp/B0013J1UA6?tag=eloabder-20&linkCode=osi&th=1&psc=1"><img src="https://m.media-amazon.com/images/I/41G0Fkf7KnL._SL500_.jpg" alt="Product Image"></a><p>CRC Food Grade Chain Lube 03055 – 12 Wt. Oz. Aerosol, NSF H1 Gear, Chain, and Wire Lubricant</p><p>$19.25 ($1.60 / Ounce)</p><a href="https://www.amazon.com/dp/B0013J1UA6?tag=eloabder-20&linkCode=osi&th=1&psc=1">View Product</a></div>





<div class="product"><a href="https://www.amazon.com/dp/B08GQ9G2V5?tag=eloabder-20&linkCode=osi&th=1&psc=1"><img src="https://m.media-amazon.com/images/I/511+rapOlWL._SL500_.jpg" alt="Product Image"></a><p>Armor All Car Air Freshener and Purifier, Car Odor Eliminator, 1.5 Ounce (Pack of 3)</p><p>$21.21 ($4.71 / Ounce)</p><a href="https://www.amazon.com/dp/B08GQ9G2V5?tag=eloabder-20&linkCode=osi&th=1&psc=1">View Product</a></div>







<div class="product"><a href="https://www.amazon.com/dp/B001229JCU?tag=eloabder-20&linkCode=osi&th=1&psc=1"><img src="https://m.media-amazon.com/images/I/31W6FuKPMcL._SL500_.jpg" alt="Product Image"></a><p>First Alert EZ Fire Spray, Extinguishing Aerosol Spray, AF400 Red 18 Ounce (Pack of 1)</p><p>$12.49</p><a href="https://www.amazon.com/dp/B001229JCU?tag=eloabder-20&linkCode=osi&th=1&psc=1">View Product</a></div><div class="product"><a href="https://www.amazon.com/dp/B002U0KGDY?tag=eloabder-20&linkCode=osi&th=1&psc=1"><img src="https://m.media-amazon.com/images/I/51p6R+mcRhL._SL500_.jpg" alt="Product Image"></a><p>First Alert EZ Fire Spray, Extinguishing Aerosol Spray, Pack of 2, AF400-2, RED</p><p>$27.02</p><a href="https://www.amazon.com/dp/B002U0KGDY?tag=eloabder-20&linkCode=osi&th=1&psc=1">View Product</a></div>
<div class="product"><a href="https://www.amazon.com/dp/B0088LVBUQ?tag=eloabder-20&linkCode=osi&th=1&psc=1"><img src="https://m.media-amazon.com/images/I/31h7l-l6u2L._SL500_.jpg" alt="Product Image"></a><p>Seymour EN-59 Hi-Tech Engine Spray Paint, General Motors Red</p><p>$9.08 ($0.76 / Ounce)</p><a href="https://www.amazon.com/dp/B0088LVBUQ?tag=eloabder-20&linkCode=osi&th=1&psc=1">View Product</a></div>




<div class="product"><a href="https://www.amazon.com/dp/B000HBNU9K?tag=eloabder-20&linkCode=osi&th=1&psc=1"><img src="https://m.media-amazon.com/images/I/41URzfKaVsL._SL500_.jpg" alt="Product Image"></a><p>Permatex 27828 Body Shop Heavy Duty Headliner Adhesive, High-Strength Spray Adhesive, Repair Detached Or Loose Interior Parts, Dries Clear, Aerosol Can, 16.75 Oz</p><p>$17.05 ($1.02 / Ounce)</p><a href="https://www.amazon.com/dp/B000HBNU9K?tag=eloabder-20&linkCode=osi&th=1&psc=1">View Product</a></div><div class="product"><a href="https://www.amazon.com/dp/B001VXXEXU?tag=eloabder-20&linkCode=osi&th=1&psc=1"><img src="https://m.media-amazon.com/images/I/5112onMwzaL._SL500_.jpg" alt="Product Image"></a><p>Vibra-TITE 213 Red VC-3 Original Threadmate, 250ml Can</p><p>$99.19</p><a href="https://www.amazon.com/dp/B001VXXEXU?tag=eloabder-20&linkCode=osi&th=1&psc=1">View Product</a></div><div class="product"><a href="https://www.amazon.com/dp/B0CWPSLTR1?tag=eloabder-20&linkCode=osi&th=1&psc=1"><img src="https://m.media-amazon.com/images/I/31ytleZjjaL._SL500_.jpg" alt="Product Image"></a><p>P & S PROFESSIONAL DETAIL PRODUCTS - Terminator Enzyme Spot and Stain Remover - Perfect for Deodorizing, Removing Embedded Soils, Grease, Dirt, and Protein-Based Stains; Fresh Scent (1 Quart)</p><p>$25.95 ($0.81 / Fl Oz)</p><a href="https://www.amazon.com/dp/B0CWPSLTR1?tag=eloabder-20&linkCode=osi&th=1&psc=1">View Product</a></div><div class="product"><a href="https://www.amazon.com/dp/B07GFNQL9H?tag=eloabder-20&linkCode=osi&th=1&psc=1"><img src="https://m.media-amazon.com/images/I/41AA3Nbt8OL._SL500_.jpg" alt="Product Image"></a><p>Gunk FEB1 Foamy Engine Brite Engine Cleaner - 17oz. 2 Pack</p><p>$17.95 ($0.53 / Ounce)</p><a href="https://www.amazon.com/dp/B07GFNQL9H?tag=eloabder-20&linkCode=osi&th=1&psc=1">View Product</a></div>



<div class="product"><a href="https://www.amazon.com/dp/B003SKCARK?tag=eloabder-20&linkCode=osi&th=1&psc=1"><img src="https://m.media-amazon.com/images/I/41rvU5irgRL._SL500_.jpg" alt="Product Image"></a><p>Obenauf's Heavy Duty LP Leather Preservative (4oz)- All Natural Beeswax Oil Conditioner- Rejuvenate Restore & Preserve Sunfaded or Cracked Boots Jackets Saddles Car Auto Upholstery Furniture- USA Made</p><p>$15.99</p><a href="https://www.amazon.com/dp/B003SKCARK?tag=eloabder-20&linkCode=osi&th=1&psc=1">View Product</a></div>
Aucun résultat trouvé.

<div class="product"><a href="https://www.amazon.com/dp/B0CLWDDWHX?tag=eloabder-20&linkCode=osi&th=1&psc=1"><img src="https://m.media-amazon.com/images/I/51HPMtia03L._SL500_.jpg" alt="Product Image"></a><p>Fire Fix Fire Extinguisher for Home 5-Pack | Made in USA | Emergency Fire Spray Foam for Apartment, Boat, Camping, Car, House, Kitchen & Vehicle | Safety & Survival | Compact, Small, Safe & Easy Use</p><p>$56.95</p><a href="https://www.amazon.com/dp/B0CLWDDWHX?tag=eloabder-20&linkCode=osi&th=1&psc=1">View Product</a></div><div class="product"><a href="https://www.amazon.com/dp/B0CKZF9H3D?tag=eloabder-20&linkCode=osi&th=1&psc=1"><img src="https://m.media-amazon.com/images/I/41+Q4YdByuL._SL500_.jpg" alt="Product Image"></a><p>Firexo All Fires Fire Extinguisher - Multipurpose Mini Aerosol - Pack of 6 - Home, Kitchen, Car, Garage, Boat, Caravan, Camping Household, ABC, Vehicle, Compact, RV, Emergency Equipment (0.1 Gal)</p><p>$139.99</p><a href="https://www.amazon.com/dp/B0CKZF9H3D?tag=eloabder-20&linkCode=osi&th=1&psc=1">View Product</a></div>
Aucun résultat trouvé.
Aucun résultat trouvé.






<div class="product"><a href="https://www.amazon.com/dp/B00FOKOKMU?tag=eloabder-20&linkCode=osi&th=1&psc=1"><img src="https://m.media-amazon.com/images/I/41KsUW-6WOL._SL500_.jpg" alt="Product Image"></a><p>The Original Leather Recoloring Balm by Furniture Clinic - 16 Colors - Leather Repair Kit for Furniture - Restore Couches, Car Seats & More - Leather Dye for Scratched and Faded Leather (Beige)</p><p>$29.95</p><a href="https://www.amazon.com/dp/B00FOKOKMU?tag=eloabder-20&linkCode=osi&th=1&psc=1">View Product</a></div>


<div class="product"><a href="https://www.amazon.com/dp/B0BQX6CPLS?tag=eloabder-20&linkCode=osi&th=1&psc=1"><img src="https://m.media-amazon.com/images/I/51OtuHOIJpL._SL500_.jpg" alt="Product Image"></a><p>Dry Stop Fire Spray by Prepared Hero - 8 Pack - Portable Fire Extinguisher for Home, Car, Garage, Kitchen - Works on Electrical, Grease, Battery Fires & More - Compact, Easy to Use</p><p>$143.99</p><a href="https://www.amazon.com/dp/B0BQX6CPLS?tag=eloabder-20&linkCode=osi&th=1&psc=1">View Product</a></div><div class="product"><a href="https://www.amazon.com/dp/B0BQX76B9K?tag=eloabder-20&linkCode=osi&th=1&psc=1"><img src="https://m.media-amazon.com/images/I/51iHCSuHw5L._SL500_.jpg" alt="Product Image"></a><p>Vapor Clean Fire Spray by Prepared Hero - 8 Pack - Portable Fire Extinguisher for Home, Car, Garage, Kitchen - Works on Electrical, Grease, Battery Fires & More - Compact, Easy to Use</p><p>$143.99</p><a href="https://www.amazon.com/dp/B0BQX76B9K?tag=eloabder-20&linkCode=osi&th=1&psc=1">View Product</a></div><div class="product"><a href="https://www.amazon.com/dp/B0C32NVZJZ?tag=eloabder-20&linkCode=osi&th=1&psc=1"><img src="https://m.media-amazon.com/images/I/61coxTM3mSL._SL500_.jpg" alt="Product Image"></a><p>Houandg Water-Based Fire Extinguisher- 2 Pack Portable Solution for All Fire Types in Homes, Vehicles, Kitchens - Prevents Re-Ignition</p><p>$33.98</p><a href="https://www.amazon.com/dp/B0C32NVZJZ?tag=eloabder-20&linkCode=osi&th=1&psc=1">View Product</a></div>
<div class="product"><a href="https://www.amazon.com/dp/B00L3W1OAO?tag=eloabder-20&linkCode=osi&th=1&psc=1"><img src="https://m.media-amazon.com/images/I/414uILMLuaL._SL500_.jpg" alt="Product Image"></a><p>Pro F/X Rubber Mask Grease Wheel - 1 Ounce - Trauma</p><p>$27.01</p><a href="https://www.amazon.com/dp/B00L3W1OAO?tag=eloabder-20&linkCode=osi&th=1&psc=1">View Product</a></div>
<div class="product"><a href="https://www.amazon.com/dp/B0CZ16SHCH?tag=eloabder-20&linkCode=osi&th=1&psc=1"><img src="https://m.media-amazon.com/images/I/31pYxaz4gYL._SL500_.jpg" alt="Product Image"></a><p>P & S PROFESSIONAL DETAIL PRODUCTS - Rehab - Paint Correction Creme Safe for All Paint Types and with Multiple pad Types - Easy-to-use-Formula Works at Any Stage of Paint Correction - 1 Quart</p><p>$56.95</p><a href="https://www.amazon.com/dp/B0CZ16SHCH?tag=eloabder-20&linkCode=osi&th=1&psc=1">View Product</a></div><div class="product"><a href="https://www.amazon.com/dp/B082BG8HLX?tag=eloabder-20&linkCode=osi&th=1&psc=1"><img src="https://m.media-amazon.com/images/I/31OAXbv7QFL._SL500_.jpg" alt="Product Image"></a><p>Lithium Auto Elixirs Color Crush- A rather intense approach to an Instant Detailer, Infused with color enhancing technology - Extremely Hydrophobic ingredients, long lasting Instant Detailer</p><p>$19.95 ($1.25 / Fl Oz)</p><a href="https://www.amazon.com/dp/B082BG8HLX?tag=eloabder-20&linkCode=osi&th=1&psc=1">View Product</a></div><div class="product"><a href="https://www.amazon.com/dp/B07MTPWZ76?tag=eloabder-20&linkCode=osi&th=1&psc=1"><img src="https://m.media-amazon.com/images/I/41v5yubrqoL._SL500_.jpg" alt="Product Image"></a><p>Lithium Seal and Squeal Paint Sealant/Polish - Incredible Shine and Lasting Protection - Curable Amino Functional Polymers Fused with Si02 Ceramic Nano Technology -Lasts for up to 12 Months (16 oz)</p><p>$39.99 ($2.50 / Ounce)</p><a href="https://www.amazon.com/dp/B07MTPWZ76?tag=eloabder-20&linkCode=osi&th=1&psc=1">View Product</a></div><div class="product"><a href="https://www.amazon.com/dp/B07MVNX377?tag=eloabder-20&linkCode=osi&th=1&psc=1"><img src="https://m.media-amazon.com/images/I/31gEqFf7rhL._SL500_.jpg" alt="Product Image"></a><p>Leather Love - The Best Leather Conditioner On The Planet, Brings Old Leather Back To Life, All Natural Ingredients Mixed With Serious Science, Restores, Rehydrates, Protects (8oz)</p><p>$28.99 ($3.62 / Ounce)</p><a href="https://www.amazon.com/dp/B07MVNX377?tag=eloabder-20&linkCode=osi&th=1&psc=1">View Product</a></div><div class="product"><a href="https://www.amazon.com/dp/B07MTQP514?tag=eloabder-20&linkCode=osi&th=1&psc=1"><img src="https://m.media-amazon.com/images/I/311IYwH-oaL._SL500_.jpg" alt="Product Image"></a><p>Trim Serum- Plastic Restorer- Restores Even the Most Damaged Plastic, Rubber and Vinyl, Last For Months, Penetrates Plastic Pores Restoring Color. (16 Oz)</p><p>$36.99</p><a href="https://www.amazon.com/dp/B07MTQP514?tag=eloabder-20&linkCode=osi&th=1&psc=1">View Product</a></div><div class="product"><a href="https://www.amazon.com/dp/B07236X7TS?tag=eloabder-20&linkCode=osi&th=1&psc=1"><img src="https://m.media-amazon.com/images/I/51-mgxYD9kL._SL500_.jpg" alt="Product Image"></a><p>Skidmore's Biker Edition Leather Cream | All Natural Formula Cleans, Conditions, and Protects your Motorcycle | Made in USA</p><p>$44.98</p><a href="https://www.amazon.com/dp/B07236X7TS?tag=eloabder-20&linkCode=osi&th=1&psc=1">View Product</a></div><div class="product"><a href="https://www.amazon.com/dp/B001CS6HH4?tag=eloabder-20&linkCode=osi&th=1&psc=1"><img src="https://m.media-amazon.com/images/I/41wY0SB+DWL._SL500_.jpg" alt="Product Image"></a><p>Fiebing's Yellow Saddle Soap for Leather (3.5 oz Tin) - Leather Cleaner & Conditioner to Soften, Protect & Restore Leathercraft - Leather Soap for Car Seat, Couch, Shoe, Purse, Boot, Bag, & Saddles</p><p>$7.15 ($2.04 / Ounce)</p><a href="https://www.amazon.com/dp/B001CS6HH4?tag=eloabder-20&linkCode=osi&th=1&psc=1">View Product</a></div><div class="product"><a href="https://www.amazon.com/dp/B08RHZ1BKD?tag=eloabder-20&linkCode=osi&th=1&psc=1"><img src="https://m.media-amazon.com/images/I/21WKh31c4tL._SL500_.jpg" alt="Product Image"></a><p>Lithium Ignite After Wash - Conditions and Shines Surfaces as You Dry. Streak-Free Hydrophobic Formula adds Lubrication to Stop Micro Scratching While Surfaces pop with Color.</p><p>$21.99 ($1.37 / Fl Oz)</p><a href="https://www.amazon.com/dp/B08RHZ1BKD?tag=eloabder-20&linkCode=osi&th=1&psc=1">View Product</a></div><div class="product"><a href="https://www.amazon.com/dp/B0003A1T3E?tag=eloabder-20&linkCode=osi&th=1&psc=1"><img src="https://m.media-amazon.com/images/I/41042PKJ1ZL._SL500_.jpg" alt="Product Image"></a><p>URAD One step All-In-One Leather conditioner 140g - NEUTRAL</p><p>$16.13</p><a href="https://www.amazon.com/dp/B0003A1T3E?tag=eloabder-20&linkCode=osi&th=1&psc=1">View Product</a></div>

<div class="product"><a href="https://www.amazon.com/dp/B0B3NFH3QY?tag=eloabder-20&linkCode=osi&th=1&psc=1"><img src="https://m.media-amazon.com/images/I/51sKVZnP-WL._SL500_.jpg" alt="Product Image"></a><p>Little Joe 96427-6PK I Love Hockey New Car Scent Red Car Air Freshener A/C Vent Clip Uses Alcohol-Free Fragrance Oil is Non-Hazardous and Non-Toxic Plastic, Pack of 6</p><p>$21.99 ($3.66 / Count)</p><a href="https://www.amazon.com/dp/B0B3NFH3QY?tag=eloabder-20&linkCode=osi&th=1&psc=1">View Product</a></div><div class="product"><a href="https://www.amazon.com/dp/B072275K82?tag=eloabder-20&linkCode=osi&th=1&psc=1"><img src="https://m.media-amazon.com/images/I/41wDnF6SiAL._SL500_.jpg" alt="Product Image"></a><p>Little Joe 96404-6PK Fruit Scent, Car Air Freshener, Clips to A/C Air Vent, Alcohol-Free Fragrance Oil, Non-Hazardous and Non-Toxic Plastic, Set of 6</p><p>$16.60 ($2.77 / Count)</p><a href="https://www.amazon.com/dp/B072275K82?tag=eloabder-20&linkCode=osi&th=1&psc=1">View Product</a></div><div class="product"><a href="https://www.amazon.com/dp/B0CQPQ2S4W?tag=eloabder-20&linkCode=osi&th=1&psc=1"><img src="https://m.media-amazon.com/images/I/31iRknmvjeL._SL500_.jpg" alt="Product Image"></a><p>Little Pup 96613 Blue Raspberry Slushy Scent Car Air Freshener A/C Vent Clip Uses Alcohol-Free Fragrance Oil is Non Hazardous and Non Toxic, Pack of 1</p><p>$3.94</p><a href="https://www.amazon.com/dp/B0CQPQ2S4W?tag=eloabder-20&linkCode=osi&th=1&psc=1">View Product</a></div><div class="product"><a href="https://www.amazon.com/dp/B0CQPNMTM4?tag=eloabder-20&linkCode=osi&th=1&psc=1"><img src="https://m.media-amazon.com/images/I/41eEovL+zML._SL500_.jpg" alt="Product Image"></a><p>Little Joe 96414-6PK Orange Creamsicle Scent Car Air Freshener A/C Vent Clip Uses Alcohol-Free Fragrance Oil is Non-Hazardous and Non-Toxic Plastic, Pack of 6</p><p>$25.99 ($4.33 / Count)</p><a href="https://www.amazon.com/dp/B0CQPNMTM4?tag=eloabder-20&linkCode=osi&th=1&psc=1">View Product</a></div><div class="product"><a href="https://www.amazon.com/dp/B0CH9KNNZN?tag=eloabder-20&linkCode=osi&th=1&psc=1"><img src="https://m.media-amazon.com/images/I/41jX66PGMTL._SL500_.jpg" alt="Product Image"></a><p>TAKAVU Clay Bars Auto Detailing 2 Pack X 100g, Premium Grade Material, Magic Clay Bar Cleaner for Cars, RV, Boat and Bus (Grey)</p><p>$9.99</p><a href="https://www.amazon.com/dp/B0CH9KNNZN?tag=eloabder-20&linkCode=osi&th=1&psc=1">View Product</a></div>

<div class="product"><a href="https://www.amazon.com/dp/B004UM6DLE?tag=eloabder-20&linkCode=osi&th=1&psc=1"><img src="https://m.media-amazon.com/images/I/314nawyx6sL._SL500_.jpg" alt="Product Image"></a><p>CARPRO IronX Iron Remover: Stops Rust Spots and Pre-Mature Failure of The Clear Coat, Iron Contaminant Removal - 500mL with Sprayer (17oz)</p><p>$26.78</p><a href="https://www.amazon.com/dp/B004UM6DLE?tag=eloabder-20&linkCode=osi&th=1&psc=1">View Product</a></div><div class="product"><a href="https://www.amazon.com/dp/B01HXZXO98?tag=eloabder-20&linkCode=osi&th=1&psc=1"><img src="https://m.media-amazon.com/images/I/41Ne9OfQGzL._SL500_.jpg" alt="Product Image"></a><p>Chemical Guys CWS80316 Clean Slate Deep Surface Cleaning Car Wash Soap (Removes Old Car Waxes, Glazes & Sealants for Superior Surface Prep), 16 fl oz, Citrus Scent</p><p>$11.99 ($0.75 / Fl Oz)</p><a href="https://www.amazon.com/dp/B01HXZXO98?tag=eloabder-20&linkCode=osi&th=1&psc=1">View Product</a></div><div class="product"><a href="https://www.amazon.com/dp/B07C39H9YX?tag=eloabder-20&linkCode=osi&th=1&psc=1"><img src="https://m.media-amazon.com/images/I/31yK3Vb5xWL._SL500_.jpg" alt="Product Image"></a><p>Adam's Polishes Iron Remover (16oz) - Iron Out Fallout Rust Remover Spray for Car Detailing | Remove Iron Particles in Car Paint, Motorcycle, RV & Boat | Use Before Clay Bar, Car Wax or Car Wash</p><p>$16.99</p><a href="https://www.amazon.com/dp/B07C39H9YX?tag=eloabder-20&linkCode=osi&th=1&psc=1">View Product</a></div><div class="product"><a href="https://www.amazon.com/dp/B0BTJ9DJM5?tag=eloabder-20&linkCode=osi&th=1&psc=1"><img src="https://m.media-amazon.com/images/I/41tNMqlDrxL._SL500_.jpg" alt="Product Image"></a><p>Torque Detail Decon Wash Pack - Decontamination Soap 8oz + Wash Mitt - Surface Strip Wash Car Shampoo - Highly Absorbent Microfiber Chenille Car Wash Mitt Safely Cleans Your Vehicles Entire Surface</p><p>$24.95 ($3.12 / Fl Oz)</p><a href="https://www.amazon.com/dp/B0BTJ9DJM5?tag=eloabder-20&linkCode=osi&th=1&psc=1">View Product</a></div><div class="product"><a href="https://www.amazon.com/dp/B013K5V9PQ?tag=eloabder-20&linkCode=osi&th=1&psc=1"><img src="https://m.media-amazon.com/images/I/41V3rm6NlZL._SL500_.jpg" alt="Product Image"></a><p>CARPRO PolyShave Decon Towel - Car Detailing Clay Decontamination Faster than Clay Bar, Clean & Release of Paint Contaminants and Glass - Increase Wax and Sealant Bond - 12" x 12" (1 Pack)</p><p>$39.97</p><a href="https://www.amazon.com/dp/B013K5V9PQ?tag=eloabder-20&linkCode=osi&th=1&psc=1">View Product</a></div><div class="product"><a href="https://www.amazon.com/dp/B0B788NBWG?tag=eloabder-20&linkCode=osi&th=1&psc=1"><img src="https://m.media-amazon.com/images/I/51NDfAOuEmL._SL500_.jpg" alt="Product Image"></a><p>P & S Professional Detail Products - Clay Decontamination Towel - Effective Cleaning & Release of Paint Contaminants; Increase Wax & Sealant Bond; Enhance Gloss & Depth of Color; Fine Grade-12" x 12"</p><p>$34.95</p><a href="https://www.amazon.com/dp/B0B788NBWG?tag=eloabder-20&linkCode=osi&th=1&psc=1">View Product</a></div><div class="product"><a href="https://www.amazon.com/dp/B0B27TFK69?tag=eloabder-20&linkCode=osi&th=1&psc=1"><img src="https://m.media-amazon.com/images/I/41zJPQIcqeL._SL500_.jpg" alt="Product Image"></a><p>The Rag Company - Ultra Clay Decontamination Mitt - Easy to Use; Effective Cleaning & Release of Paint Contaminants; Increase Wax & Sealant Bond; Enhance Gloss &Color Depth; Fine Grade (8.7"x5.7")</p><p>$34.95</p><a href="https://www.amazon.com/dp/B0B27TFK69?tag=eloabder-20&linkCode=osi&th=1&psc=1">View Product</a></div><div class="product"><a href="https://www.amazon.com/dp/B0C6XBN14N?tag=eloabder-20&linkCode=osi&th=1&psc=1"><img src="https://m.media-amazon.com/images/I/31BSavOJ89L._SL500_.jpg" alt="Product Image"></a><p>3D Iron Remover GLW Series | DIY Car Detailing | Hyper Effective Wheel Decontamination | Removes Iron Particles, Dirt, Brake Dust | Rapid Results | Ultimate Iron & Surface Contaminate Eliminator, 16oz</p><p>$17.99</p><a href="https://www.amazon.com/dp/B0C6XBN14N?tag=eloabder-20&linkCode=osi&th=1&psc=1">View Product</a></div>







<div class="product"><a href="https://www.amazon.com/dp/B0D2SPCW3G?tag=eloabder-20&linkCode=osi&th=1&psc=1"><img src="https://m.media-amazon.com/images/I/41JYIg6xqqL._SL500_.jpg" alt="Product Image"></a><p>Crankcase Ventilation Oil Separator with Gasket Compatible for 2008-2014 Volvo Mack D13 D16 MP8 Engine Replace 21122541 20499419</p><p>$155.99</p><a href="https://www.amazon.com/dp/B0D2SPCW3G?tag=eloabder-20&linkCode=osi&th=1&psc=1">View Product</a></div>

<div class="product"><a href="https://www.amazon.com/dp/B0C6M2FHGX?tag=eloabder-20&linkCode=osi&th=1&psc=1"><img src="https://m.media-amazon.com/images/I/21wWRrpHdbL._SL500_.jpg" alt="Product Image"></a><p>eMagTech 9PCS Warning Sign Please No Smoking Vaping Food Drink Stickers 110x50mm Self-Adhesive Vinyl Window Decal for Car Taxis Buses Minibuses</p><p>$9.49</p><a href="https://www.amazon.com/dp/B0C6M2FHGX?tag=eloabder-20&linkCode=osi&th=1&psc=1">View Product</a></div>

Aucun résultat trouvé.

<div class="product"><a href="https://www.amazon.com/dp/B0CVWZZMRY?tag=eloabder-20&linkCode=osi&th=1&psc=1"><img src="https://m.media-amazon.com/images/I/512y-1GwQNL._SL500_.jpg" alt="Product Image"></a><p>Jewkot 4 PCS Car Wiper Strip, 28" Boneless Structure Car Windshield Cleaning Wiper Strip, DIY Length Auxiliary Cleaning Replacement Accessory, Suitable for Most Cars, Vans, Trucks, Buses (Black)</p><p>$5.58</p><a href="https://www.amazon.com/dp/B0CVWZZMRY?tag=eloabder-20&linkCode=osi&th=1&psc=1">View Product</a></div>
<div class="product"><a href="https://www.amazon.com/dp/B07L3VQC6W?tag=eloabder-20&linkCode=osi&th=1&psc=1"><img src="https://m.media-amazon.com/images/I/41GebP+2HYL._SL500_.jpg" alt="Product Image"></a><p>BRISA VW Collection Volkswagen Air Freshener, Room Freshener, Deodorizer for Cars T1 Bus Campervan Motif (Citrus/Yellow/Set of 2)</p><p>$13.90 ($6.95 / Count)</p><a href="https://www.amazon.com/dp/B07L3VQC6W?tag=eloabder-20&linkCode=osi&th=1&psc=1">View Product</a></div><div class="product"><a href="https://www.amazon.com/dp/B07L3V86JS?tag=eloabder-20&linkCode=osi&th=1&psc=1"><img src="https://m.media-amazon.com/images/I/41TblWhKhQL._SL500_.jpg" alt="Product Image"></a><p>BRISA VW Collection Volkswagen Air Freshener, Room Freshener, Deodorizer for Cars T1 Bus Campervan Motif (New Car/Green/Set of 2)</p><p>$13.90 ($6.95 / Count)</p><a href="https://www.amazon.com/dp/B07L3V86JS?tag=eloabder-20&linkCode=osi&th=1&psc=1">View Product</a></div>


Aucun résultat trouvé.










<div class="product"><a href="https://www.amazon.com/dp/B099HL5SV2?tag=eloabder-20&linkCode=osi&th=1&psc=1"><img src="https://m.media-amazon.com/images/I/31kcR8HnylL._SL500_.jpg" alt="Product Image"></a><p>Philips GoPure GP5212 High Performance HEPA Air Purifier for Car, Removes up to 100 Pollutants, Exhaust Fumes, VOCs, Smoke, Bad Odors, Bacteria and Viruses</p><p>$77.59</p><a href="https://www.amazon.com/dp/B099HL5SV2?tag=eloabder-20&linkCode=osi&th=1&psc=1">View Product</a></div><div class="product"><a href="https://www.amazon.com/dp/B07TB419F7?tag=eloabder-20&linkCode=osi&th=1&psc=1"><img src="https://m.media-amazon.com/images/I/41l9XK-u-eL._SL500_.jpg" alt="Product Image"></a><p>Enoch Ionic Car Air Purifier with Dual USB Car Charger. Car Air Freshener Eliminates Odor, Dust. Removes Smoke, Pet and Food Odor. Ionic Ozone Car Deodorizer (Matt Black)</p><p>$24.50</p><a href="https://www.amazon.com/dp/B07TB419F7?tag=eloabder-20&linkCode=osi&th=1&psc=1">View Product</a></div><div class="product"><a href="https://www.amazon.com/dp/B08C9LKKMM?tag=eloabder-20&linkCode=osi&th=1&psc=1"><img src="https://m.media-amazon.com/images/I/41uJDRzxfrL._SL500_.jpg" alt="Product Image"></a><p>4WDKING Car Air Purifier Ionizer, 12V Plug-in Car Air Freshener Gadgets with Dual USB Charger Removes Cigarette Smoke, Pet and Food Odor, Ionic Ozone (Black)</p><p>$22.99</p><a href="https://www.amazon.com/dp/B08C9LKKMM?tag=eloabder-20&linkCode=osi&th=1&psc=1">View Product</a></div><div class="product"><a href="https://www.amazon.com/dp/B07C7D366L?tag=eloabder-20&linkCode=osi&th=1&psc=1"><img src="https://m.media-amazon.com/images/I/51GvjMcOskL._SL500_.jpg" alt="Product Image"></a><p>Car Air Purifier Ionizer - 12V Plug-in Ionic Anti-Microbial Car Deodorizer with Dual USB Charger - Smoke Smell, Pet and Food Odors, Allergens, Viruses Eliminator for Car (Matte Silver)</p><p>$24.99</p><a href="https://www.amazon.com/dp/B07C7D366L?tag=eloabder-20&linkCode=osi&th=1&psc=1">View Product</a></div><div class="product"><a href="https://www.amazon.com/dp/B086H3FW7T?tag=eloabder-20&linkCode=osi&th=1&psc=1"><img src="https://m.media-amazon.com/images/I/51FfQTz4koL._SL500_.jpg" alt="Product Image"></a><p>bmbu 1000g Large Bamboo Charcoal Air Purifier Bag - Car Deodorizer/Car Freshener - Remove Odor and Control Moisture in Your RV, Camper, SUV, Car, Truck, Closet, Mobile Home, Storage - Non Fragrant</p><p>$22.99 ($0.65 / Ounce)</p><a href="https://www.amazon.com/dp/B086H3FW7T?tag=eloabder-20&linkCode=osi&th=1&psc=1">View Product</a></div><div class="product"><a href="https://www.amazon.com/dp/B019NXUJ5K?tag=eloabder-20&linkCode=osi&th=1&psc=1"><img src="https://m.media-amazon.com/images/I/31grLw6pdUL._SL500_.jpg" alt="Product Image"></a><p>PURGGO Car Air Freshener - Lasts 365+ Days No Chemicals 100% Activated Bamboo Charcoal Fragrance-Free Deodorizer, Natural Auto Odor Eliminator, Purifier, Neutralizer, Absorb Smoke Smell</p><p>$25.99</p><a href="https://www.amazon.com/dp/B019NXUJ5K?tag=eloabder-20&linkCode=osi&th=1&psc=1">View Product</a></div><div class="product"><a href="https://www.amazon.com/dp/B0CT5TBKH5?tag=eloabder-20&linkCode=osi&th=1&psc=1"><img src="https://m.media-amazon.com/images/I/41UB7n6FuwL._SL500_.jpg" alt="Product Image"></a><p>Timgle 1 Pack Car Air Freshener, Lasts 365+ Days, No Chemicals 100% Activated Bamboo Charcoal Fragrance, Free Deodorizer, Natural Auto Odor Eliminator, Purifier, Neutralizer (Khaki Strap)</p><p>$10.99</p><a href="https://www.amazon.com/dp/B0CT5TBKH5?tag=eloabder-20&linkCode=osi&th=1&psc=1">View Product</a></div><div class="product"><a href="https://www.amazon.com/dp/B00V4049K2?tag=eloabder-20&linkCode=osi&th=1&psc=1"><img src="https://m.media-amazon.com/images/I/51rLLMGOc6L._SL500_.jpg" alt="Product Image"></a><p>PURGGO Car Air Freshener - Auto Odor Eliminator - 100% Activated Bamboo Charcoal Air Purifier, Ionizer - Absorb and Remove Smoke Smell - Fragrance-Free Deodorizer - Lasts 365+ Days [Classic Beige]</p><p>$25.99</p><a href="https://www.amazon.com/dp/B00V4049K2?tag=eloabder-20&linkCode=osi&th=1&psc=1">View Product</a></div>








<div class="product"><a href="https://www.amazon.com/dp/B00RYGK12K?tag=eloabder-20&linkCode=osi&th=1&psc=1"><img src="https://m.media-amazon.com/images/I/51RdEyCkvuL._SL500_.jpg" alt="Product Image"></a><p>Little Trees Cardboard Hanging Car, Home & Office Air Freshener, Summer Linen (Pack of 12)</p><p>$11.82 ($0.98 / Count)</p><a href="https://www.amazon.com/dp/B00RYGK12K?tag=eloabder-20&linkCode=osi&th=1&psc=1">View Product</a></div><div class="product"><a href="https://www.amazon.com/dp/B00LM54ZD0?tag=eloabder-20&linkCode=osi&th=1&psc=1"><img src="https://m.media-amazon.com/images/I/41YuRNweefL._SL500_.jpg" alt="Product Image"></a><p>LITTLE TREES Air Fresheners Car Air Freshener. Hanging Tree Provides Long Lasting Scent for Auto or Home. Black Ice, 24 Air Fresheners</p><p>$20.19 ($0.84 / Count)</p><a href="https://www.amazon.com/dp/B00LM54ZD0?tag=eloabder-20&linkCode=osi&th=1&psc=1">View Product</a></div><div class="product"><a href="https://www.amazon.com/dp/B09BB4V1Y8?tag=eloabder-20&linkCode=osi&th=1&psc=1"><img src="https://m.media-amazon.com/images/I/51AKMdDLO-L._SL500_.jpg" alt="Product Image"></a><p>DRIVEJOY Car Air Freshener Vent Clips, 8 PK, 6 Ocean, 2 New Car Scent, Car Fresheners for Men Women, Up to 240 Days, Long Lasting Air Freshener for Car, Odor Eliminator</p><p>$9.98 ($9.60 / Fl Oz)</p><a href="https://www.amazon.com/dp/B09BB4V1Y8?tag=eloabder-20&linkCode=osi&th=1&psc=1">View Product</a></div><div class="product"><a href="https://www.amazon.com/dp/B078JWRLYT?tag=eloabder-20&linkCode=osi&th=1&psc=1"><img src="https://m.media-amazon.com/images/I/41shbIl-LEL._SL500_.jpg" alt="Product Image"></a><p>California Scents Air Freshener 4-Pack Car Air Freshener (Coronado Cherry)</p><p>$12.88 ($2.15 / Ounce)</p><a href="https://www.amazon.com/dp/B078JWRLYT?tag=eloabder-20&linkCode=osi&th=1&psc=1">View Product</a></div><div class="product"><a href="https://www.amazon.com/dp/B0CW4CJWW9?tag=eloabder-20&linkCode=osi&th=1&psc=1"><img src="https://m.media-amazon.com/images/I/417lKQ0MXPL._SL500_.jpg" alt="Product Image"></a><p>Karma, Essential Oil Air Freshener for Cars Set of 2, Home & Office - Colorful Decorative Hanging Air Freshener with Tassel, Buttercup Vanilla Scented</p><p>$8.40 ($4.20 / Count)</p><a href="https://www.amazon.com/dp/B0CW4CJWW9?tag=eloabder-20&linkCode=osi&th=1&psc=1">View Product</a></div><div class="product"><a href="https://www.amazon.com/dp/B00AYCXL2I?tag=eloabder-20&linkCode=osi&th=1&psc=1"><img src="https://m.media-amazon.com/images/I/5165h10nKbL._SL500_.jpg" alt="Product Image"></a><p>Febreze Car Air Fresheners, New Car Scent, Odor Eliminator for Strong Odors Car Vent Clips (2 Count)</p><p>$9.98 ($4.99 / Count)</p><a href="https://www.amazon.com/dp/B00AYCXL2I?tag=eloabder-20&linkCode=osi&th=1&psc=1">View Product</a></div><div class="product"><a href="https://www.amazon.com/dp/B01LZ0N1MJ?tag=eloabder-20&linkCode=osi&th=1&psc=1"><img src="https://m.media-amazon.com/images/I/41J5LJGof9L._SL500_.jpg" alt="Product Image"></a><p>LITTLE TREES Car Air Freshener | Hanging Paper Tree for Home or Car | New Car Scent | 12 Pack</p><p>$11.70 ($0.98 / Count)</p><a href="https://www.amazon.com/dp/B01LZ0N1MJ?tag=eloabder-20&linkCode=osi&th=1&psc=1">View Product</a></div><div class="product"><a href="https://www.amazon.com/dp/B0C2Q2VGPZ?tag=eloabder-20&linkCode=osi&th=1&psc=1"><img src="https://m.media-amazon.com/images/I/413gckSL1EL._SL500_.jpg" alt="Product Image"></a><p>Savage Disposable Card Freshener for Men | Car Scents Air Freshener with Sauvage Fragrance | Strong Car Perfume Air Freshener with Odour Eliminating Technology | Suvage by Perfa</p><p>$6.99</p><a href="https://www.amazon.com/dp/B0C2Q2VGPZ?tag=eloabder-20&linkCode=osi&th=1&psc=1">View Product</a></div>




<div class="product"><a href="https://www.amazon.com/dp/B06WVL7YSG?tag=eloabder-20&linkCode=osi&th=1&psc=1"><img src="https://m.media-amazon.com/images/I/51fO0NuM6nL._SL500_.jpg" alt="Product Image"></a><p>Meguiar's Quik Scratch Eraser Kit, Car Scratch Remover for Repairing Surface Blemishes, Car Care Kit with ScratchX, Drill-Mounted Pad, and Microfiber Towel, 3 Count</p><p>$17.97</p><a href="https://www.amazon.com/dp/B06WVL7YSG?tag=eloabder-20&linkCode=osi&th=1&psc=1">View Product</a></div><div class="product"><a href="https://www.amazon.com/dp/B00P67GSRG?tag=eloabder-20&linkCode=osi&th=1&psc=1"><img src="https://m.media-amazon.com/images/I/41R-vt8tcnL._SL500_.jpg" alt="Product Image"></a><p>Chemical Guys GAP_VKIT_16 V Line Polish and Compound Kit For Light to Heavy Swirls & Scratches (Safe for Cars, Trucks, SUVs, RVs, Motorcycles, & More) 4 - 16 fl oz Items</p><p>$69.99</p><a href="https://www.amazon.com/dp/B00P67GSRG?tag=eloabder-20&linkCode=osi&th=1&psc=1">View Product</a></div>
<div class="product"><a href="https://www.amazon.com/dp/B0BQ1CPLSQ?tag=eloabder-20&linkCode=osi&th=1&psc=1"><img src="https://m.media-amazon.com/images/I/41ikSNNgp5L._SL500_.jpg" alt="Product Image"></a><p>PROPER DETAILING CO. Car Detailing Kit Interior Cleaner, Get Professional Results - Car Interior Cleaning Kit includes 16 oz. interior cleaner, premium boars hair detail brush, and 2 microfiber towels</p><p>$23.99</p><a href="https://www.amazon.com/dp/B0BQ1CPLSQ?tag=eloabder-20&linkCode=osi&th=1&psc=1">View Product</a></div>






<div class="product"><a href="https://www.amazon.com/dp/B004VG6SWS?tag=eloabder-20&linkCode=osi&th=1&psc=1"><img src="https://m.media-amazon.com/images/I/31M54KTIo2L._SL500_.jpg" alt="Product Image"></a><p>3M Scotchgard Clear Paint Protection Bulk Film Roll 12-by-72-inches</p><p>$38.00</p><a href="https://www.amazon.com/dp/B004VG6SWS?tag=eloabder-20&linkCode=osi&th=1&psc=1">View Product</a></div><div class="product"><a href="https://www.amazon.com/dp/B073X7WF5J?tag=eloabder-20&linkCode=osi&th=1&psc=1"><img src="https://m.media-amazon.com/images/I/41PIPchJvFL._SL500_.jpg" alt="Product Image"></a><p>VViViD 3M Clear Paint Protection Vinyl Film 6 Inch x 25 Inch</p><p>$9.99</p><a href="https://www.amazon.com/dp/B073X7WF5J?tag=eloabder-20&linkCode=osi&th=1&psc=1">View Product</a></div>

<div class="product"><a href="https://www.amazon.com/dp/B09VLKQY83?tag=eloabder-20&linkCode=osi&th=1&psc=1"><img src="https://m.media-amazon.com/images/I/41HrqrTIGUL._SL500_.jpg" alt="Product Image"></a><p>Charcoal 2PLY Nano Ceramic 20% VLT Car Tint 36 in x 25 FT Professional Window Tint Heat, UV 99%, and IRR 85% to 90% Tint for Cars or Building Adhesive Film Easy Shrink, Plotter Friendly</p><p>$56.95 ($0.76 / Sq Ft)</p><a href="https://www.amazon.com/dp/B09VLKQY83?tag=eloabder-20&linkCode=osi&th=1&psc=1">View Product</a></div><div class="product"><a href="https://www.amazon.com/dp/B000CAM2ZO?tag=eloabder-20&linkCode=osi&th=1&psc=1"><img src="https://m.media-amazon.com/images/I/31zB99KwKWL._SL500_.jpg" alt="Product Image"></a><p>Black Magic 5060107 Professional Anti-Heat Layer Tint Film, 5% VLT, 24-Inches x 78-Inches</p><p>$20.26 ($1.56 / Sq Ft)</p><a href="https://www.amazon.com/dp/B000CAM2ZO?tag=eloabder-20&linkCode=osi&th=1&psc=1">View Product</a></div>

<div class="product"><a href="https://www.amazon.com/dp/B081T7N948?tag=eloabder-20&linkCode=osi&th=1&psc=1"><img src="https://m.media-amazon.com/images/I/41q0eWfEB3L._SL500_.jpg" alt="Product Image"></a><p>PULIDIKI Car Cleaning Gel Universal Detailing Kit Automotive Dust Car Crevice Cleaner Slime Auto Air Vent Interior Detail Removal for Car Putty Cleaning Keyboard Cleaner Car Accessories Blue</p><p>$5.94</p><a href="https://www.amazon.com/dp/B081T7N948?tag=eloabder-20&linkCode=osi&th=1&psc=1">View Product</a></div><div class="product"><a href="https://www.amazon.com/dp/B0CRKX3D9J?tag=eloabder-20&linkCode=osi&th=1&psc=1"><img src="https://m.media-amazon.com/images/I/51aymO4P7aL._SL500_.jpg" alt="Product Image"></a><p>PULIDIKI Car Cleaning Gel for Car Cleaning Putty Car Putty Auto Detailing Tools Car Slime Cleaner Dust Cleaning Gel for Car Interior Cleaner Car Accessories Keyboard Cleaner Blue (2Pack)</p><p>$9.99</p><a href="https://www.amazon.com/dp/B0CRKX3D9J?tag=eloabder-20&linkCode=osi&th=1&psc=1">View Product</a></div><div class="product"><a href="https://www.amazon.com/dp/B0988X73FW?tag=eloabder-20&linkCode=osi&th=1&psc=1"><img src="https://m.media-amazon.com/images/I/51qQkFSZAIL._SL500_.jpg" alt="Product Image"></a><p>TICARVE Car Cleaning Gel Detailing Putty Car Putty Auto Detailing Tools Car Interior Cleaner Cleaning Slime Car Accessories Keyboard Cleaner Rose/NT WT: 5.6 oz (160 gr)</p><p>$6.98</p><a href="https://www.amazon.com/dp/B0988X73FW?tag=eloabder-20&linkCode=osi&th=1&psc=1">View Product</a></div><div class="product"><a href="https://www.amazon.com/dp/B08RDNV8KQ?tag=eloabder-20&linkCode=osi&th=1&psc=1"><img src="https://m.media-amazon.com/images/I/51DwR48ghvL._SL500_.jpg" alt="Product Image"></a><p>TICARVE Cleaning Gel for Car Detailing Car Vent Cleaner Cleaning Putty Gel Auto Car Interior Cleaner Dust Cleaning Mud for Cars and Keyboard Cleaner Cleaning Slime Purple</p><p>$6.99</p><a href="https://www.amazon.com/dp/B08RDNV8KQ?tag=eloabder-20&linkCode=osi&th=1&psc=1">View Product</a></div><div class="product"><a href="https://www.amazon.com/dp/B07SBNH48K?tag=eloabder-20&linkCode=osi&th=1&psc=1"><img src="https://m.media-amazon.com/images/I/51MyrDaYquL._SL500_.jpg" alt="Product Image"></a><p>COLORCORAL Cleaning Gel for Car Universal Gel Cleaner Auto Detailing Car Vent Keyboard Cleaning Putty Car Interior Cleaner Dashboard Dust Remover Putty Auto Duster Cleaning Kit 160G</p><p>$6.99</p><a href="https://www.amazon.com/dp/B07SBNH48K?tag=eloabder-20&linkCode=osi&th=1&psc=1">View Product</a></div><div class="product"><a href="https://www.amazon.com/dp/B0D1CB8RP2?tag=eloabder-20&linkCode=osi&th=1&psc=1"><img src="https://m.media-amazon.com/images/I/51MPeMNItzL._SL500_.jpg" alt="Product Image"></a><p>ALIOBC Car Cleaning Gel, Keyboard Cleaner Cleaning Putty for Car Interior Car Slime Cleaner Dust Cleaning Gel Car Putty for Cleaning Car Gel Cleaner Blue NT.WT.: 5.6 oz (160 g)</p><p>$6.99</p><a href="https://www.amazon.com/dp/B0D1CB8RP2?tag=eloabder-20&linkCode=osi&th=1&psc=1">View Product</a></div><div class="product"><a href="https://www.amazon.com/dp/B09995RLLH?tag=eloabder-20&linkCode=osi&th=1&psc=1"><img src="https://m.media-amazon.com/images/I/51hASKz7MnL._SL500_.jpg" alt="Product Image"></a><p>TICARVE 2Pack Cleaning Gel for Car Cleaning Putty Car Slime for Cleaning Car Detailing Putty Detail Tools Car Interior Cleaner Automotive Car Cleaning Kits Keyboard Cleaner Blue Purple (320g/11.2oz)</p><p>$7.99</p><a href="https://www.amazon.com/dp/B09995RLLH?tag=eloabder-20&linkCode=osi&th=1&psc=1">View Product</a></div><div class="product"><a href="https://www.amazon.com/dp/B0D6X5K8CY?tag=eloabder-20&linkCode=osi&th=1&psc=1"><img src="https://m.media-amazon.com/images/I/51C3FExB5RL._SL500_.jpg" alt="Product Image"></a><p>Dust Away Universal Car Cleaning Gel Automotive Detail Putty Crevice Cleaning Slime for Air Vents Interiors Keyboards Laptops & Electronics Versatile Home & Office Accessories Fresh Scent (Lime Green)</p><p>$5.88</p><a href="https://www.amazon.com/dp/B0D6X5K8CY?tag=eloabder-20&linkCode=osi&th=1&psc=1">View Product</a></div>


<div class="product"><a href="https://www.amazon.com/dp/B0BB9M5TSP?tag=eloabder-20&linkCode=osi&th=1&psc=1"><img src="https://m.media-amazon.com/images/I/51NEhgC0fNL._SL500_.jpg" alt="Product Image"></a><p>Ouzorp Car Wheel Scratch repair Rim Touch Up Paint Rim Scratch Repair Pen Quick And Easy Wheel（silver）</p><p>$10.99 ($15.48 / Fl Oz)</p><a href="https://www.amazon.com/dp/B0BB9M5TSP?tag=eloabder-20&linkCode=osi&th=1&psc=1">View Product</a></div>


<div class="product"><a href="https://www.amazon.com/dp/B0D464228M?tag=eloabder-20&linkCode=osi&th=1&psc=1"><img src="https://m.media-amazon.com/images/I/315VtBe9l-L._SL500_.jpg" alt="Product Image"></a><p>Drift Car Air Freshener - Wood Air Freshener - Car Odor Eliminator - Open Air Scent Starter Kit</p><p>$11.95</p><a href="https://www.amazon.com/dp/B0D464228M?tag=eloabder-20&linkCode=osi&th=1&psc=1">View Product</a></div>
<div class="product"><a href="https://www.amazon.com/dp/B071HR14SJ?tag=eloabder-20&linkCode=osi&th=1&psc=1"><img src="https://m.media-amazon.com/images/I/41crypCefDL._SL500_.jpg" alt="Product Image"></a><p>Meguiar's Gold Class Car Wash Soap, Ultra-Rich Car Wash Soap and Conditioner for Car Cleaning, Car Wash Soap to Clean and Condition in One Easy Step, 1 Gallon Car Wash Soap</p><p>$24.99 ($0.20 / Ounce)</p><a href="https://www.amazon.com/dp/B071HR14SJ?tag=eloabder-20&linkCode=osi&th=1&psc=1">View Product</a></div><div class="product"><a href="https://www.amazon.com/dp/B085R9L9Q9?tag=eloabder-20&linkCode=osi&th=1&psc=1"><img src="https://m.media-amazon.com/images/I/41tAv1FNbZL._SL500_.jpg" alt="Product Image"></a><p>Armor All Extreme Shield Protectant Spray , Interior Car Cleaner with UV Protection Against Cracking and Fading, 16 Fl Oz</p><p>$8.98 ($0.56 / Fl Oz)</p><a href="https://www.amazon.com/dp/B085R9L9Q9?tag=eloabder-20&linkCode=osi&th=1&psc=1">View Product</a></div><div class="product"><a href="https://www.amazon.com/dp/B016NA9Y4S?tag=eloabder-20&linkCode=osi&th=1&psc=1"><img src="https://m.media-amazon.com/images/I/31oz8VJFdjL._SL500_.jpg" alt="Product Image"></a><p>Rain-X 5079281-2 Latitude 2-In-1 Wiper Blades, 26 Inch Windshield Wipers (Pack Of 1), Automotive Replacement Windshield Wiper Blades With Patented Rain-X Water Repellency Formula</p><p>$17.08</p><a href="https://www.amazon.com/dp/B016NA9Y4S?tag=eloabder-20&linkCode=osi&th=1&psc=1">View Product</a></div><div class="product"><a href="https://www.amazon.com/dp/B0D2PCCJVK?tag=eloabder-20&linkCode=osi&th=1&psc=1"><img src="https://m.media-amazon.com/images/I/41BFT-c3a9L._SL500_.jpg" alt="Product Image"></a><p>HoogaLife Car Air Freshener Diffuser – Revitalize Your Drive with Hanging Air Freshener Diffuser Aromatic Bliss On The Go(VANILLA CREAM)</p><p>$12.99 ($24.06 / Fl Oz)</p><a href="https://www.amazon.com/dp/B0D2PCCJVK?tag=eloabder-20&linkCode=osi&th=1&psc=1">View Product</a></div><div class="product"><a href="https://www.amazon.com/dp/B0D17SKCLF?tag=eloabder-20&linkCode=osi&th=1&psc=1"><img src="https://m.media-amazon.com/images/I/51VjaK8JNmL._SL500_.jpg" alt="Product Image"></a><p>AIDEA Car Wash Mitt Microfiber, 1PK-Scratch-Free& Lint-Free, Premium Chenille Microfiber Wash Mitt-Green Regular Size (7.12''X10.14'')</p><p>$5.99</p><a href="https://www.amazon.com/dp/B0D17SKCLF?tag=eloabder-20&linkCode=osi&th=1&psc=1">View Product</a></div>








<div class="product"><a href="https://www.amazon.com/dp/B00UZE8D00?tag=eloabder-20&linkCode=osi&th=1&psc=1"><img src="https://m.media-amazon.com/images/I/517VVkgvgcL._SL500_.jpg" alt="Product Image"></a><p>Chemical Guys HOL_996 Convertible Top Cleaner and Protectant Kit, 16 oz, 2 Items</p><p>$29.99</p><a href="https://www.amazon.com/dp/B00UZE8D00?tag=eloabder-20&linkCode=osi&th=1&psc=1">View Product</a></div><div class="product"><a href="https://www.amazon.com/dp/B004HCS4NW?tag=eloabder-20&linkCode=osi&th=1&psc=1"><img src="https://m.media-amazon.com/images/I/41j5b6xRqNL._SL500_.jpg" alt="Product Image"></a><p>Meguiar's Convertible Top Cleaner - Fabric Convertible Top Cleaner and Vinyl Convertible Top Cleaner in One Advanced Formula - Safely Removes Stains, Mildew, Bird Droppings, and More, 16 Oz</p><p>$6.87 ($0.43 / Ounce)</p><a href="https://www.amazon.com/dp/B004HCS4NW?tag=eloabder-20&linkCode=osi&th=1&psc=1">View Product</a></div><div class="product"><a href="https://www.amazon.com/dp/B00UZE80N0?tag=eloabder-20&linkCode=osi&th=1&psc=1"><img src="https://m.media-amazon.com/images/I/31FG83SK9SL._SL500_.jpg" alt="Product Image"></a><p>Chemical Guys SPI_193_16 Convertible Top Protectant and Repellent, (Helps Prevent Fading & Discoloration on Fabric Sot Tops) 16 fl oz (Packaging May Vary)</p><p>$19.99 ($1.25 / Fl Oz)</p><a href="https://www.amazon.com/dp/B00UZE80N0?tag=eloabder-20&linkCode=osi&th=1&psc=1">View Product</a></div><div class="product"><a href="https://www.amazon.com/dp/B00UZE8C1A?tag=eloabder-20&linkCode=osi&th=1&psc=1"><img src="https://m.media-amazon.com/images/I/31aLnXKZxfL._SL500_.jpg" alt="Product Image"></a><p>Chemical Guys ACC_S94 Convertible Top Horse Hair Cleaning Brush, Safe for Cloth Soft Tops, Upholstery, Leather, Furniture, & More</p><p>$14.99</p><a href="https://www.amazon.com/dp/B00UZE8C1A?tag=eloabder-20&linkCode=osi&th=1&psc=1">View Product</a></div><div class="product"><a href="https://www.amazon.com/dp/B000A8JNF0?tag=eloabder-20&linkCode=osi&th=1&psc=1"><img src="https://m.media-amazon.com/images/I/51PLChiVIrL._SL500_.jpg" alt="Product Image"></a><p>303 Products Convertible Fabric Top Cleaning and Care Kit - Cleans And Protects Fabric Tops - Includes Tonneau Cover And Convertible Top Cleaner 16 fl. oz. + Fabric Guard, (30520)</p><p>$32.79 ($1.02 / Fl Oz)</p><a href="https://www.amazon.com/dp/B000A8JNF0?tag=eloabder-20&linkCode=osi&th=1&psc=1">View Product</a></div>
<div class="product"><a href="https://www.amazon.com/dp/B0BCQ1XMWV?tag=eloabder-20&linkCode=osi&th=1&psc=1"><img src="https://m.media-amazon.com/images/I/41lV6Au-S9L._SL500_.jpg" alt="Product Image"></a><p>EMITHSUN® Windshield Wiper Blades Replacement for Honda Civic Coupe 2 Door 2005-2011,That Meet OEM Quality Front Wipers Blade Set for My Car-28"+24"(Set of 2)</p><p>$19.99</p><a href="https://www.amazon.com/dp/B0BCQ1XMWV?tag=eloabder-20&linkCode=osi&th=1&psc=1">View Product</a></div>
<div class="product"><a href="https://www.amazon.com/dp/B00I8ITVZG?tag=eloabder-20&linkCode=osi&th=1&psc=1"><img src="https://m.media-amazon.com/images/I/41TXd564pcL._SL500_.jpg" alt="Product Image"></a><p>ECOGARD XC36067 Premium Cabin Air Filter Fits Hyundai Genesis 2009-2016, Equus 2011-2016 | Genesis G80 2017-2021, G90 2019-2021, GV80 2021 | Kia K900 2020</p><p>$10.98</p><a href="https://www.amazon.com/dp/B00I8ITVZG?tag=eloabder-20&linkCode=osi&th=1&psc=1">View Product</a></div>

<div class="product"><a href="https://www.amazon.com/dp/B097C3NCP1?tag=eloabder-20&linkCode=osi&th=1&psc=1"><img src="https://m.media-amazon.com/images/I/41GXST2+s6L._SL500_.jpg" alt="Product Image"></a><p>Raidbee 12 inch Rear Wiper Blade Replacement for Toyota Corolla Hatchback 2022-2019, Nissan Versa 2019-2014 Back Windshield Wiper (H306/12-B)</p><p>$6.99</p><a href="https://www.amazon.com/dp/B097C3NCP1?tag=eloabder-20&linkCode=osi&th=1&psc=1">View Product</a></div>



<div class="product"><a href="https://www.amazon.com/dp/B0CQ4MLKHJ?tag=eloabder-20&linkCode=osi&th=1&psc=1"><img src="https://m.media-amazon.com/images/I/519f8covwQL._SL500_.jpg" alt="Product Image"></a><p>Feetiger All-in-1 Fire Extinguisher for Home, Kitchen, Car, Garage, RV, Truck, Boat, Camping, Fire Spray that Tackles Multiple Types of Fire, 2pack</p><p>$39.99</p><a href="https://www.amazon.com/dp/B0CQ4MLKHJ?tag=eloabder-20&linkCode=osi&th=1&psc=1">View Product</a></div>
<div class="product"><a href="https://www.amazon.com/dp/B07TS4JV6H?tag=eloabder-20&linkCode=osi&th=1&psc=1"><img src="https://m.media-amazon.com/images/I/412htpDd6fL._SL500_.jpg" alt="Product Image"></a><p>Police Flag Air Freshener, New Car Scent, 6-Pack</p><p>$9.99 ($1.66 / Count)</p><a href="https://www.amazon.com/dp/B07TS4JV6H?tag=eloabder-20&linkCode=osi&th=1&psc=1">View Product</a></div>


<div class="product"><a href="https://www.amazon.com/dp/B009EU5ZNO?tag=eloabder-20&linkCode=osi&th=1&psc=1"><img src="https://m.media-amazon.com/images/I/515MJLZbnoL._SL500_.jpg" alt="Product Image"></a><p>J-B Weld 50133 Plastic Bonder Structural Adhesive Syringe - Tan - 25 ml</p><p>$6.98 ($8.21 / Fl Oz)</p><a href="https://www.amazon.com/dp/B009EU5ZNO?tag=eloabder-20&linkCode=osi&th=1&psc=1">View Product</a></div>



<div class="product"><a href="https://www.amazon.com/dp/B09P6YZP72?tag=eloabder-20&linkCode=osi&th=1&psc=1"><img src="https://m.media-amazon.com/images/I/416rlvu+ayL._SL500_.jpg" alt="Product Image"></a><p>AUTOBOO 26"+20" Windshield Wipers with 16" Rear Wiper Blade Replacement for Dodge Grand Caravan 2008-2012 2013 2014 2015 2016 2017 2018 2019 -Original Factory Quality (Pack of 3)</p><p>$23.99</p><a href="https://www.amazon.com/dp/B09P6YZP72?tag=eloabder-20&linkCode=osi&th=1&psc=1">View Product</a></div><div class="product"><a href="https://www.amazon.com/dp/B0BLYQBDS8?tag=eloabder-20&linkCode=osi&th=1&psc=1"><img src="https://m.media-amazon.com/images/I/51SbpSR2zBL._SL500_.jpg" alt="Product Image"></a><p>A-Premium Engine Air Filter Compatible with Chrysler Town & Country & Dodge Grand Caravan & Ram C/V & Volkswagen Routan, 2011-2020, Flexible Panel, Replace# 4861737AA</p><p>$12.99</p><a href="https://www.amazon.com/dp/B0BLYQBDS8?tag=eloabder-20&linkCode=osi&th=1&psc=1">View Product</a></div>
<div class="product"><a href="https://www.amazon.com/dp/B001FCB4JS?tag=eloabder-20&linkCode=osi&th=1&psc=1"><img src="https://m.media-amazon.com/images/I/21wq6fxqiVL._SL500_.jpg" alt="Product Image"></a><p>Dicor BT-1834-1 Butyl Seal Tape - 1/8" x 3/4" x 30' Repair Tape for RV, Trailer, Motorhome, Window, and Vent Sealing</p><p>$13.15 ($0.44 / Foot)</p><a href="https://www.amazon.com/dp/B001FCB4JS?tag=eloabder-20&linkCode=osi&th=1&psc=1">View Product</a></div>
<div class="product"><a href="https://www.amazon.com/dp/B000BUQOD6?tag=eloabder-20&linkCode=osi&th=1&psc=1"><img src="https://m.media-amazon.com/images/I/41O0CoP1L3L._SL500_.jpg" alt="Product Image"></a><p>Camco Camper/RV Toilet Paper | Sewer-Safe, Septic-Safe & Biodegradable | Designed for Camper, Trailer & Marine Sanitation Systems | 1-Ply Tissue | 4 Toilet Paper Rolls – 280 Sheets per Roll (40275)</p><p>$5.99 ($2.14 / 100 Sheets)</p><a href="https://www.amazon.com/dp/B000BUQOD6?tag=eloabder-20&linkCode=osi&th=1&psc=1">View Product</a></div><div class="product"><a href="https://www.amazon.com/dp/B007JG1W1E?tag=eloabder-20&linkCode=osi&th=1&psc=1"><img src="https://m.media-amazon.com/images/I/41i-j99E9ML._SL500_.jpg" alt="Product Image"></a><p>Camco TST Camper / RV Grey Water Odor Control - Removes Grease Buildup in Gray Water Tank, Sink & Shower Drains - 4oz Treats 40-Gal Holding Tank - Safe Septic Tank Treatment - Lemon, 64 oz (40256)</p><p>$19.94 ($0.31 / Fl Oz)</p><a href="https://www.amazon.com/dp/B007JG1W1E?tag=eloabder-20&linkCode=osi&th=1&psc=1">View Product</a></div><div class="product"><a href="https://www.amazon.com/dp/B016V2OSD0?tag=eloabder-20&linkCode=osi&th=1&psc=1"><img src="https://m.media-amazon.com/images/I/31Jm99RYVXL._SL500_.jpg" alt="Product Image"></a><p>Camco TST MAX RV Toilet Treatment Drop-INs | Control Unwanted Odors and Break Down Waste and Tissue | Septic Tank Safe | Lavender Scent | 15-pack (41559)</p><p>$11.97 ($0.80 / Count)</p><a href="https://www.amazon.com/dp/B016V2OSD0?tag=eloabder-20&linkCode=osi&th=1&psc=1">View Product</a></div>






<div class="product"><a href="https://www.amazon.com/dp/B006GJYOL0?tag=eloabder-20&linkCode=osi&th=1&psc=1"><img src="https://m.media-amazon.com/images/I/41YPjiCzDfL._SL500_.jpg" alt="Product Image"></a><p>Boat Bling HS-0128 Hot Sauce Hard Water Spot Remover, Gallon Refill, for Boats, RVs, Powersport Vehicles and More, Black,1 Gallon</p><p>$54.95 ($0.43 / Fl Oz)</p><a href="https://www.amazon.com/dp/B006GJYOL0?tag=eloabder-20&linkCode=osi&th=1&psc=1">View Product</a></div><div class="product"><a href="https://www.amazon.com/dp/B0000AXVCB?tag=eloabder-20&linkCode=osi&th=1&psc=1"><img src="https://m.media-amazon.com/images/I/51gtsDb7zDL._SL500_.jpg" alt="Product Image"></a><p>Meguiar's M4364 Marine/RV Boat Wash - 64 Oz Container</p><p>$13.99 ($0.22 / Fl Oz)</p><a href="https://www.amazon.com/dp/B0000AXVCB?tag=eloabder-20&linkCode=osi&th=1&psc=1">View Product</a></div><div class="product"><a href="https://www.amazon.com/dp/B0007TR47G?tag=eloabder-20&linkCode=osi&th=1&psc=1"><img src="https://m.media-amazon.com/images/I/41Q4SzlVojL._SL500_.jpg" alt="Product Image"></a><p>Meguiar's Flagship Premium Marine Wax, Boat Polish and Oxidation Remover - 32 Oz Bottle</p><p>$21.49</p><a href="https://www.amazon.com/dp/B0007TR47G?tag=eloabder-20&linkCode=osi&th=1&psc=1">View Product</a></div><div class="product"><a href="https://www.amazon.com/dp/B006GJYLFY?tag=eloabder-20&linkCode=osi&th=1&psc=1"><img src="https://m.media-amazon.com/images/I/31G78TSjssL._SL500_.jpg" alt="Product Image"></a><p>Boat Bling Condition Sauce Premium Interior Moisturizer w/UV Protection, 32 oz.</p><p>$27.95</p><a href="https://www.amazon.com/dp/B006GJYLFY?tag=eloabder-20&linkCode=osi&th=1&psc=1">View Product</a></div><div class="product"><a href="https://www.amazon.com/dp/B006GJYKWI?tag=eloabder-20&linkCode=osi&th=1&psc=1"><img src="https://m.media-amazon.com/images/I/41AcDanNz-L._SL500_.jpg" alt="Product Image"></a><p>Boat Bling VS-0032 Vinyl Sauce Premium Vinyl and Leather Cleaner, 32 Oz., for Boats, RVs, Powersport Vehicles and More</p><p>$22.95 ($0.72 / Fl Oz)</p><a href="https://www.amazon.com/dp/B006GJYKWI?tag=eloabder-20&linkCode=osi&th=1&psc=1">View Product</a></div>
<div class="product"><a href="https://www.amazon.com/dp/B004OJTEKK?tag=eloabder-20&linkCode=osi&th=1&psc=1"><img src="https://m.media-amazon.com/images/I/41q8kkNiKOL._SL500_.jpg" alt="Product Image"></a><p>Shurhold Yacht Brite YBP-0302 Brite Wash - 1 Gallon</p><p>$23.97 ($0.19 / Fl Oz)</p><a href="https://www.amazon.com/dp/B004OJTEKK?tag=eloabder-20&linkCode=osi&th=1&psc=1">View Product</a></div>




<div class="product"><a href="https://www.amazon.com/dp/B0B2RDZNZB?tag=eloabder-20&linkCode=osi&th=1&psc=1"><img src="https://m.media-amazon.com/images/I/51RVSUoRuGL._SL500_.jpg" alt="Product Image"></a><p>Fancemot Helicopter Car Air Fresheners Rotating Solar Car Fresheners Airplane Car Perfume (Osmanthus & Vanilla)</p><p>$14.08</p><a href="https://www.amazon.com/dp/B0B2RDZNZB?tag=eloabder-20&linkCode=osi&th=1&psc=1">View Product</a></div><div class="product"><a href="https://www.amazon.com/dp/B0994PG1ZD?tag=eloabder-20&linkCode=osi&th=1&psc=1"><img src="https://m.media-amazon.com/images/I/413er0A8cVS._SL500_.jpg" alt="Product Image"></a><p>NICEADA Car Air Freshener, Helicopter Solar Energy Rotating Aromatherapy Aviation Al Alloy Diffuser, Interior Decoration Accessories Diffuser for Car and Home (Silver)</p><p>$23.99</p><a href="https://www.amazon.com/dp/B0994PG1ZD?tag=eloabder-20&linkCode=osi&th=1&psc=1">View Product</a></div><div class="product"><a href="https://www.amazon.com/dp/B09ZTMZKSJ?tag=eloabder-20&linkCode=osi&th=1&psc=1"><img src="https://m.media-amazon.com/images/I/41rz5PydC9L._SL500_.jpg" alt="Product Image"></a><p>Air Freshener, Gigicloud Car Fragrance Diffuser Solar Rotating Automotive Air Fresheners Ornament Helicopter Shape Solid Aromatherapy Decoration for Car and Home (Black)</p><p>$15.49</p><a href="https://www.amazon.com/dp/B09ZTMZKSJ?tag=eloabder-20&linkCode=osi&th=1&psc=1">View Product</a></div><div class="product"><a href="https://www.amazon.com/dp/B0CWNNPCD3?tag=eloabder-20&linkCode=osi&th=1&psc=1"><img src="https://m.media-amazon.com/images/I/51nznnJJhfL._SL500_.jpg" alt="Product Image"></a><p>Car Air Freshener Diffuser, KaiDengZhe 1PCS Helicopter Solar Energy Rotating Aromatherapy Aviation Al Alloy Diffuser, Car Diffuser for Essential Oils, Relieve Stress and Purifie Odors for Car and Home</p><p>$15.99</p><a href="https://www.amazon.com/dp/B0CWNNPCD3?tag=eloabder-20&linkCode=osi&th=1&psc=1">View Product</a></div><div class="product"><a href="https://www.amazon.com/dp/B0B8T47G65?tag=eloabder-20&linkCode=osi&th=1&psc=1"><img src="https://m.media-amazon.com/images/I/41d6cgVheqL._SL500_.jpg" alt="Product Image"></a><p>Joyfunky Car Air Fresheners with Solar Rotating, Creative Car Perfume Decoration, Relieve Stress and Purifie Odors, Use at Car, office and Home, Silver</p><p>$12.99</p><a href="https://www.amazon.com/dp/B0B8T47G65?tag=eloabder-20&linkCode=osi&th=1&psc=1">View Product</a></div><div class="product"><a href="https://www.amazon.com/dp/B0D4ZHJVK8?tag=eloabder-20&linkCode=osi&th=1&psc=1"><img src="https://m.media-amazon.com/images/I/41sEhsjtb4L._SL500_.jpg" alt="Product Image"></a><p>NICEADA Helicopter Solar Car Air Freshener Refill Set, Solar Essential Oil Refill Perfume Oil for Car Air Fresheners(4 Packs)</p><p>$21.99 ($24.99 / Fl Oz)</p><a href="https://www.amazon.com/dp/B0D4ZHJVK8?tag=eloabder-20&linkCode=osi&th=1&psc=1">View Product</a></div><div class="product"><a href="https://www.amazon.com/dp/B0D251XW47?tag=eloabder-20&linkCode=osi&th=1&psc=1"><img src="https://m.media-amazon.com/images/I/41x6lmNq9fL._SL500_.jpg" alt="Product Image"></a><p>Helicopter Car Air Fresheners with Solar Rotating, Creative Car Perfume Decoration, Car Airplane Fragrance Diffuser for Car, Home, Office (Silver)</p><p>$13.09</p><a href="https://www.amazon.com/dp/B0D251XW47?tag=eloabder-20&linkCode=osi&th=1&psc=1">View Product</a></div>

<div class="product"><a href="https://www.amazon.com/dp/B0D4154TQG?tag=eloabder-20&linkCode=osi&th=1&psc=1"><img src="https://m.media-amazon.com/images/I/217Iw-nO3UL._SL500_.jpg" alt="Product Image"></a><p>RV Curtain Glide Tape A115, 1/2 Inch Glides Clear RV Curtain Strip Curtain Slide Tape 72 Inches Long Use with Ceiling or Wall Mount Curtain Track A201 A202 (2 Pack)</p><p>$17.99</p><a href="https://www.amazon.com/dp/B0D4154TQG?tag=eloabder-20&linkCode=osi&th=1&psc=1">View Product</a></div>
<div class="product"><a href="https://www.amazon.com/dp/B08W4PQN8L?tag=eloabder-20&linkCode=osi&th=1&psc=1"><img src="https://m.media-amazon.com/images/I/41udmrd6QTL._SL500_.jpg" alt="Product Image"></a><p>Hot Air Balloon Novelty Air Freshener for Car - Sandalwood Scented Automotive Accessory New Mexico Souvenir Gift (Pack of 4)</p><p>$7.99 ($2.00 / Count)</p><a href="https://www.amazon.com/dp/B08W4PQN8L?tag=eloabder-20&linkCode=osi&th=1&psc=1">View Product</a></div>















<div class="product"><a href="https://www.amazon.com/dp/B0CP87K2VD?tag=eloabder-20&linkCode=osi&th=1&psc=1"><img src="https://m.media-amazon.com/images/I/41dTH4OPkcL._SL500_.jpg" alt="Product Image"></a><p>For harley air cleaner filter Touring street glide road king electra tri trike Dyna Sportster XL 883 1200 Softail air intake (Drift style -Contrast Cut, C-For Touring 08-16, Softail 16-17)</p><p>$125.00</p><a href="https://www.amazon.com/dp/B0CP87K2VD?tag=eloabder-20&linkCode=osi&th=1&psc=1">View Product</a></div><div class="product"><a href="https://www.amazon.com/dp/B08DNLNY3G?tag=eloabder-20&linkCode=osi&th=1&psc=1"><img src="https://m.media-amazon.com/images/I/51baNj3o8CL._SL500_.jpg" alt="Product Image"></a><p>2963308 HD1508 Ultra Classic Air Filter Cleaner for 2008-2014 Harley Davidson Street Glide, Electra Glide, Road King, Road Glide Custom, Ultra Classic and other select models HD-1508</p><p>$21.99</p><a href="https://www.amazon.com/dp/B08DNLNY3G?tag=eloabder-20&linkCode=osi&th=1&psc=1">View Product</a></div><div class="product"><a href="https://www.amazon.com/dp/B0CQ2KKC3N?tag=eloabder-20&linkCode=osi&th=1&psc=1"><img src="https://m.media-amazon.com/images/I/31W2a0gAwIL._SL500_.jpg" alt="Product Image"></a><p>High-Flo Replacement Air Filter Element For Ventilator - Milwaukee-Eight Engine '18-later Softail and '17-later Touring and Trike Models Equipped with 114 Air Cleaner</p><p>$39.99</p><a href="https://www.amazon.com/dp/B0CQ2KKC3N?tag=eloabder-20&linkCode=osi&th=1&psc=1">View Product</a></div><div class="product"><a href="https://www.amazon.com/dp/B0CPJ5BSGM?tag=eloabder-20&linkCode=osi&th=1&psc=1"><img src="https://m.media-amazon.com/images/I/41cUadnGKpL._SL500_.jpg" alt="Product Image"></a><p>For harley air cleaner filter sportster street road glide king for harley davidson motorcycle air intake (Nake style -Black, A-For Sportster XL models)</p><p>$169.00</p><a href="https://www.amazon.com/dp/B0CPJ5BSGM?tag=eloabder-20&linkCode=osi&th=1&psc=1">View Product</a></div><div class="product"><a href="https://www.amazon.com/dp/B0CR17NS1M?tag=eloabder-20&linkCode=osi&th=1&psc=1"><img src="https://m.media-amazon.com/images/I/41n57oM0A-L._SL500_.jpg" alt="Product Image"></a><p>For harley air cleaner filter Sportster Softail Touring street road king glide Dyna for harley davidson air intake filters (Speed 7 style -gray filter, C-For Touring 08-16, Softail 16-17)</p><p>$89.00</p><a href="https://www.amazon.com/dp/B0CR17NS1M?tag=eloabder-20&linkCode=osi&th=1&psc=1">View Product</a></div><div class="product"><a href="https://www.amazon.com/dp/B0CR167HDN?tag=eloabder-20&linkCode=osi&th=1&psc=1"><img src="https://m.media-amazon.com/images/I/41o4byfzbRL._SL500_.jpg" alt="Product Image"></a><p>For harley davidson air cleaner filter sportster Touring street glide road king electra Dyna Softail motorcycle air intake (Chromed- gray filter, C-For Touring 2008-2016)</p><p>$99.00</p><a href="https://www.amazon.com/dp/B0CR167HDN?tag=eloabder-20&linkCode=osi&th=1&psc=1">View Product</a></div>







<div class="product"><a href="https://www.amazon.com/dp/B08WH8CWDM?tag=eloabder-20&linkCode=osi&th=1&psc=1"><img src="https://m.media-amazon.com/images/I/41Jj3ouB+1L._SL500_.jpg" alt="Product Image"></a><p>Glaze 'N Seal Color Enhancer Paver Sealer, 1 Gallon (923)</p><p>$62.99</p><a href="https://www.amazon.com/dp/B08WH8CWDM?tag=eloabder-20&linkCode=osi&th=1&psc=1">View Product</a></div>

<div class="product"><a href="https://www.amazon.com/dp/B0B58G8WRX?tag=eloabder-20&linkCode=osi&th=1&psc=1"><img src="https://m.media-amazon.com/images/I/41hjxJMTGJL._SL500_.jpg" alt="Product Image"></a><p>Solarhome Air Filter 333-D2696 333D2696 Compatible with JCB Backhoe Loader 3CX 4CX Telehandler 531-70</p><p>$34.50</p><a href="https://www.amazon.com/dp/B0B58G8WRX?tag=eloabder-20&linkCode=osi&th=1&psc=1">View Product</a></div>




<div class="product"><a href="https://www.amazon.com/dp/B07G7XG6BV?tag=eloabder-20&linkCode=osi&th=1&psc=1"><img src="https://m.media-amazon.com/images/I/510tZGutn6L._SL500_.jpg" alt="Product Image"></a><p>Holikme 6Pack Cleaning Brush Power Scrubber Cleaning Brush Extended Long Attachment Set All Purpose Scrub Brushes Kit for Grout, Floor, Tub, Shower, Tile, Bathroom,Car Cleaning Brush，Yellow</p><p>$6.95</p><a href="https://www.amazon.com/dp/B07G7XG6BV?tag=eloabder-20&linkCode=osi&th=1&psc=1">View Product</a></div>



<div class="product"><a href="https://www.amazon.com/dp/B000FW2NWQ?tag=eloabder-20&linkCode=osi&th=1&psc=1"><img src="https://m.media-amazon.com/images/I/31VlBDw7uDL._SL500_.jpg" alt="Product Image"></a><p>Performance Tool W233 12-Inch Long Reach Extension Scraper with 3pc Double Edged Plastic Razor Scraper Blades and 3pc Carbon Steel Razor Scraper Blades</p><p>$10.31</p><a href="https://www.amazon.com/dp/B000FW2NWQ?tag=eloabder-20&linkCode=osi&th=1&psc=1">View Product</a></div>
<div class="product"><a href="https://www.amazon.com/dp/B0BV2CQ5SW?tag=eloabder-20&linkCode=osi&th=1&psc=1"><img src="https://m.media-amazon.com/images/I/51VkTDjGg4L._SL500_.jpg" alt="Product Image"></a><p>Filterelated Mixed Bed Deionized Di Resin Filter Fill, Suitable For Spotless Car Wash System Filter Change, Tds Filter, Aquarium Filter, Deionized Car Wash,5 Liters</p><p>$49.99</p><a href="https://www.amazon.com/dp/B0BV2CQ5SW?tag=eloabder-20&linkCode=osi&th=1&psc=1">View Product</a></div><div class="product"><a href="https://www.amazon.com/dp/B01MRVQ9UE?tag=eloabder-20&linkCode=osi&th=1&psc=1"><img src="https://m.media-amazon.com/images/I/51+i6fjU6tL._SL500_.jpg" alt="Product Image"></a><p>Husqvarna XP Pre-Mixed Fuel and Engine Oil Quart (3 Pack),Blue</p><p>$32.99 ($0.34 / Count)</p><a href="https://www.amazon.com/dp/B01MRVQ9UE?tag=eloabder-20&linkCode=osi&th=1&psc=1">View Product</a></div>




<div class="product"><a href="https://www.amazon.com/dp/B01N2G2NEJ?tag=eloabder-20&linkCode=osi&th=1&psc=1"><img src="https://m.media-amazon.com/images/I/41-5g4zEDpL._SL500_.jpg" alt="Product Image"></a><p>Chemical Guys SPI10816 Heavy Duty Water Spot Remover, Safe for Cars, Trucks, Motorcycles, RVs & More, 16 fl oz</p><p>$17.97 ($1.12 / Fl Oz)</p><a href="https://www.amazon.com/dp/B01N2G2NEJ?tag=eloabder-20&linkCode=osi&th=1&psc=1">View Product</a></div>









<div class="product"><a href="https://www.amazon.com/dp/B08YRVH2QV?tag=eloabder-20&linkCode=osi&th=1&psc=1"><img src="https://m.media-amazon.com/images/I/5164O-Jr2QL._SL500_.jpg" alt="Product Image"></a><p>Thetford AquaMAX Summer Cypress Scent RV Holding Tank Treatment, Formaldehyde Free, Waste Digester, Septic Tank Safe, 5 Gallon Bottle (96754)</p><p>$248.18</p><a href="https://www.amazon.com/dp/B08YRVH2QV?tag=eloabder-20&linkCode=osi&th=1&psc=1">View Product</a></div><div class="product"><a href="https://www.amazon.com/dp/B0BPMW7485?tag=eloabder-20&linkCode=osi&th=1&psc=1"><img src="https://m.media-amazon.com/images/I/51WNuQeew7L._SL500_.jpg" alt="Product Image"></a><p>XFasten Butyl Tape Black 1/2” x 30’ x 1/8" Butyl Sealant Tape Headlight Sealant Putty Tape | Black Butyl Caulking Tape | Butyl Tape RV Putty Tape EPDM Automotive Butyl Rubber Window Sealant for RV</p><p>$13.99 ($0.47 / Foot)</p><a href="https://www.amazon.com/dp/B0BPMW7485?tag=eloabder-20&linkCode=osi&th=1&psc=1">View Product</a></div>
<div class="product"><a href="https://www.amazon.com/dp/B006DXWZQU?tag=eloabder-20&linkCode=osi&th=1&psc=1"><img src="https://m.media-amazon.com/images/I/41wtqfFFfQL._SL500_.jpg" alt="Product Image"></a><p>FRAM Ultra Synthetic Automotive Replacement Oil Filter, Designed for Synthetic Oil Changes Lasting up to 20k Miles, XG10575 with SureGrip (Pack of 1)</p><p>$10.79</p><a href="https://www.amazon.com/dp/B006DXWZQU?tag=eloabder-20&linkCode=osi&th=1&psc=1">View Product</a></div><div class="product"><a href="https://www.amazon.com/dp/B01LH7L0XA?tag=eloabder-20&linkCode=osi&th=1&psc=1"><img src="https://m.media-amazon.com/images/I/41yD3QmbyZL._SL500_.jpg" alt="Product Image"></a><p>Shell Rotella T4 Triple Protection Conventional 15W-40 Diesel Engine Oil (1-Gallon, Single Pack)</p><p>$15.98 ($0.12 / Fl Oz)</p><a href="https://www.amazon.com/dp/B01LH7L0XA?tag=eloabder-20&linkCode=osi&th=1&psc=1">View Product</a></div><div class="product"><a href="https://www.amazon.com/dp/B00ICSWGJ0?tag=eloabder-20&linkCode=osi&th=1&psc=1"><img src="https://m.media-amazon.com/images/I/41Ahz5dVc5L._SL500_.jpg" alt="Product Image"></a><p>Castrol Edge 5W-30 Advanced Full Synthetic Motor Oil, 5 Quarts</p><p>$24.72 ($0.15 / Fl Oz)</p><a href="https://www.amazon.com/dp/B00ICSWGJ0?tag=eloabder-20&linkCode=osi&th=1&psc=1">View Product</a></div><div class="product"><a href="https://www.amazon.com/dp/B01N8RPDT8?tag=eloabder-20&linkCode=osi&th=1&psc=1"><img src="https://m.media-amazon.com/images/I/41Qm+9e8sCL._SL500_.jpg" alt="Product Image"></a><p>Motorcraft - Oil - Engine (XO10W305Q3SD)</p><p>$32.27</p><a href="https://www.amazon.com/dp/B01N8RPDT8?tag=eloabder-20&linkCode=osi&th=1&psc=1">View Product</a></div>
<div class="product"><a href="https://www.amazon.com/dp/B07FTRZLM5?tag=eloabder-20&linkCode=osi&th=1&psc=1"><img src="https://m.media-amazon.com/images/I/416uoNYOsXL._SL500_.jpg" alt="Product Image"></a><p>Chemical Guys HOL126 14-Piece Arsenal Builder Car Wash Kit with Foam Gun, Bucket, and (5) 16 oz Car Care Cleaning Chemicals, Gift for Car & Truck Lovers, Dads and DIYers (Works w/Garden Hose)</p><p>$119.99</p><a href="https://www.amazon.com/dp/B07FTRZLM5?tag=eloabder-20&linkCode=osi&th=1&psc=1">View Product</a></div><div class="product"><a href="https://www.amazon.com/dp/B0741RL23Q?tag=eloabder-20&linkCode=osi&th=1&psc=1"><img src="https://m.media-amazon.com/images/I/410wwKZBYVL._SL500_.jpg" alt="Product Image"></a><p>Chemical Guys SPI220 Total Interior Cleaner and Protectant, Safe for Cars, Trucks, SUVs, Jeeps, Motorcycles, RVs & More, 128 fl oz (1 Gallon)</p><p>$54.99 ($0.43 / Fl Oz)</p><a href="https://www.amazon.com/dp/B0741RL23Q?tag=eloabder-20&linkCode=osi&th=1&psc=1">View Product</a></div><div class="product"><a href="https://www.amazon.com/dp/B002J7VX4Y?tag=eloabder-20&linkCode=osi&th=1&psc=1"><img src="https://m.media-amazon.com/images/I/41oijnffQ0L._SL500_.jpg" alt="Product Image"></a><p>Chemical Guys AIR_101_16 New Car Smell Premium Air Freshener and Odor Eliminator, Long-Lasting Scent, Great for Cars, Trucks, SUVs, RVs & More, 16 fl oz</p><p>$10.99 ($0.69 / Fl Oz)</p><a href="https://www.amazon.com/dp/B002J7VX4Y?tag=eloabder-20&linkCode=osi&th=1&psc=1">View Product</a></div><div class="product"><a href="https://www.amazon.com/dp/B077TPG55M?tag=eloabder-20&linkCode=osi&th=1&psc=1"><img src="https://m.media-amazon.com/images/I/51aYksYRthL._SL500_.jpg" alt="Product Image"></a><p>Chemical Guys CWS20264 Tough Mudder Foaming Truck, Off Road, ATV and RV Heavy Duty Wash Soap,(Works with Foam Cannons, Foam Guns or Bucket Washes), 64 fl oz (Half Gallon), Lemon Scent</p><p>$39.99 ($0.62 / Fl Oz)</p><a href="https://www.amazon.com/dp/B077TPG55M?tag=eloabder-20&linkCode=osi&th=1&psc=1">View Product</a></div><div class="product"><a href="https://www.amazon.com/dp/B00BJCAPEE?tag=eloabder-20&linkCode=osi&th=1&psc=1"><img src="https://m.media-amazon.com/images/I/416RIPKVW1L._SL500_.jpg" alt="Product Image"></a><p>Chemical Guys CWS_402 Mr. Pink Foaming Car Wash Soap (Works with Foam Cannons, Foam Guns or Bucket Washes) Safe for Cars, Trucks, Motorcycles, RVs & More, 128 fl oz, Candy Scent</p><p>$39.99 ($0.31 / Fl Oz)</p><a href="https://www.amazon.com/dp/B00BJCAPEE?tag=eloabder-20&linkCode=osi&th=1&psc=1">View Product</a></div><div class="product"><a href="https://www.amazon.com/dp/B01C6AISUK?tag=eloabder-20&linkCode=osi&th=1&psc=1"><img src="https://m.media-amazon.com/images/I/41FrDCDPB6S._SL500_.jpg" alt="Product Image"></a><p>Chemical Guys CLD_700_16 Mat Renew Rubber + Vinyl Floor Mat Cleaner And Protectant, Safe for Cars, Trucks, SUVs, Motorcycles, RVs & More, 16 fl oz</p><p>$10.99 ($0.69 / Fl Oz)</p><a href="https://www.amazon.com/dp/B01C6AISUK?tag=eloabder-20&linkCode=osi&th=1&psc=1">View Product</a></div><div class="product"><a href="https://www.amazon.com/dp/B01N76S0A7?tag=eloabder-20&linkCode=osi&th=1&psc=1"><img src="https://m.media-amazon.com/images/I/51jurhYPCgL._SL500_.jpg" alt="Product Image"></a><p>Chemical Guys HOL131 Premium Chenille Microfiber Car Wash Mop and Heavy Duty Extendable Pole Kit (Great for RVs, Trucks, SUVs, Jeeps & Large Vehicles), With Mr. Pink Foaming Car Wash Soap - 4 fl oz</p><p>$49.99</p><a href="https://www.amazon.com/dp/B01N76S0A7?tag=eloabder-20&linkCode=osi&th=1&psc=1">View Product</a></div><div class="product"><a href="https://www.amazon.com/dp/B009OTW646?tag=eloabder-20&linkCode=osi&th=1&psc=1"><img src="https://m.media-amazon.com/images/I/41lG36UqLBL._SL500_.jpg" alt="Product Image"></a><p>Chemical Guys CWS 110 Honeydew Snow Foam Car Wash Soap (Works with Foam Cannons, Guns or Bucket Washes) Safe for Trucks, Motorcycles, RVs & More, 128 fl oz (1 Gallon), Honeydew Scent</p><p>$39.99 ($0.31 / Fl Oz)</p><a href="https://www.amazon.com/dp/B009OTW646?tag=eloabder-20&linkCode=osi&th=1&psc=1">View Product</a></div><div class="product"><a href="https://www.amazon.com/dp/B08P54Z2C2?tag=eloabder-20&linkCode=osi&th=1&psc=1"><img src="https://m.media-amazon.com/images/I/41Ra65iS2OL._SL500_.jpg" alt="Product Image"></a><p>Chemical Guys WAC23316 HydroSpeed Ceramic Quick Detailer, Safe for Cars, Trucks, SUVs, Motorcycles, RVs & More, 16 fl oz</p><p>$24.99</p><a href="https://www.amazon.com/dp/B08P54Z2C2?tag=eloabder-20&linkCode=osi&th=1&psc=1">View Product</a></div>
<div class="product"><a href="https://www.amazon.com/dp/B0C7WLPQC7?tag=eloabder-20&linkCode=osi&th=1&psc=1"><img src="https://m.media-amazon.com/images/I/41hJeSxsSWL._SL500_.jpg" alt="Product Image"></a><p>Detail King Car Odor Removal - Chlorine Dioxide Cup - Extreme Odor Eliminator For Car - Safe And Easy To Use (3 Oz (Pack of 1) - Plastic)</p><p>$24.95 ($8.32 / Ounce)</p><a href="https://www.amazon.com/dp/B0C7WLPQC7?tag=eloabder-20&linkCode=osi&th=1&psc=1">View Product</a></div>

<div class="product"><a href="https://www.amazon.com/dp/B0052XFWCG?tag=eloabder-20&linkCode=osi&th=1&psc=1"><img src="https://m.media-amazon.com/images/I/41qajeJVXLL._SL500_.jpg" alt="Product Image"></a><p>Hot Shot's Secret HSS64Z Original Stiction Eliminator 64 Fluid Ounce Bottle, Green</p><p>$53.45 ($0.84 / Fl Oz)</p><a href="https://www.amazon.com/dp/B0052XFWCG?tag=eloabder-20&linkCode=osi&th=1&psc=1">View Product</a></div><div class="product"><a href="https://www.amazon.com/dp/B009M64CAW?tag=eloabder-20&linkCode=osi&th=1&psc=1"><img src="https://m.media-amazon.com/images/I/417D8X0nkBL._SL500_.jpg" alt="Product Image"></a><p>Lucas Oil 10679 Hot Rod & Classic Car SAE 10W-30 Motor Oil - 5 Quart</p><p>$38.50 ($0.24 / Fl Oz)</p><a href="https://www.amazon.com/dp/B009M64CAW?tag=eloabder-20&linkCode=osi&th=1&psc=1">View Product</a></div><div class="product"><a href="https://www.amazon.com/dp/B01L9ARY9O?tag=eloabder-20&linkCode=osi&th=1&psc=1"><img src="https://m.media-amazon.com/images/I/51yaZAYH75L._SL500_.jpg" alt="Product Image"></a><p>FPPF Chemical Co 00161 16 OZ HOT 4-in-1 Heating Oil Treatment (2 Bottles)</p><p>$26.42</p><a href="https://www.amazon.com/dp/B01L9ARY9O?tag=eloabder-20&linkCode=osi&th=1&psc=1">View Product</a></div><div class="product"><a href="https://www.amazon.com/dp/B009M64CUM?tag=eloabder-20&linkCode=osi&th=1&psc=1"><img src="https://m.media-amazon.com/images/I/41yiWaF8YQL._SL500_.jpg" alt="Product Image"></a><p>Lucas Oil 10683 Hot Rod & Classic Car SAE 10W-40 Motor Oil - 5 Quart</p><p>$43.24 ($0.27 / Fl Oz)</p><a href="https://www.amazon.com/dp/B009M64CUM?tag=eloabder-20&linkCode=osi&th=1&psc=1">View Product</a></div><div class="product"><a href="https://www.amazon.com/dp/B0973HNRH9?tag=eloabder-20&linkCode=osi&th=1&psc=1"><img src="https://m.media-amazon.com/images/I/41kyGGJa--L._SL500_.jpg" alt="Product Image"></a><p>Hot Shot's Secret FR3 Friction Reducer 64 Fluid Ounce 2 Quarts, Light Yellow Liquid, (HSSFR364Z)</p><p>$59.73 ($0.93 / Fl Oz)</p><a href="https://www.amazon.com/dp/B0973HNRH9?tag=eloabder-20&linkCode=osi&th=1&psc=1">View Product</a></div><div class="product"><a href="https://www.amazon.com/dp/B082YFQQ25?tag=eloabder-20&linkCode=osi&th=1&psc=1"><img src="https://m.media-amazon.com/images/I/511PTX7LlZL._SL500_.jpg" alt="Product Image"></a><p>Hot Shot's Secret Green Diamond 100 Percent Synthetic 15W40 Oil Diesel 1 Gallon</p><p>$39.99 ($0.31 / Fl Oz)</p><a href="https://www.amazon.com/dp/B082YFQQ25?tag=eloabder-20&linkCode=osi&th=1&psc=1">View Product</a></div>















<div class="product"><a href="https://www.amazon.com/dp/B08PTMXCJL?tag=eloabder-20&linkCode=osi&th=1&psc=1"><img src="https://m.media-amazon.com/images/I/410eJv-7UHL._SL500_.jpg" alt="Product Image"></a><p>Moly Grease | 3% Molybdenum Disulfide | Fifth Wheel | 5th | Automotive | Tractor | Axle | Spline | CV Joint | Lithium EP Grease | High Temp | 35 LB Pail Bucket | Black Moly | NLGI 2 | HeavyDuty Moly</p><p>$174.99 ($0.31 / Ounce)</p><a href="https://www.amazon.com/dp/B08PTMXCJL?tag=eloabder-20&linkCode=osi&th=1&psc=1">View Product</a></div><div class="product"><a href="https://www.amazon.com/dp/B08PTHJTK5?tag=eloabder-20&linkCode=osi&th=1&psc=1"><img src="https://m.media-amazon.com/images/I/41VdMjJ38aL._SL500_.jpg" alt="Product Image"></a><p>Wheel Bearing Grease Pail | Lithium Complex | High Temp EP | CV Joint | Axle | Automotive | Tractor | Truck | Ball Joint | Marine Boat | Gear | Heavy Duty | Blue | 35 LB Bucket | NLGI 2 | MultiPurpose</p><p>$167.99 ($0.30 / Ounce)</p><a href="https://www.amazon.com/dp/B08PTHJTK5?tag=eloabder-20&linkCode=osi&th=1&psc=1">View Product</a></div><div class="product"><a href="https://www.amazon.com/dp/B0013J1UA6?tag=eloabder-20&linkCode=osi&th=1&psc=1"><img src="https://m.media-amazon.com/images/I/41G0Fkf7KnL._SL500_.jpg" alt="Product Image"></a><p>CRC Food Grade Chain Lube 03055 – 12 Wt. Oz. Aerosol, NSF H1 Gear, Chain, and Wire Lubricant</p><p>$19.25 ($1.60 / Ounce)</p><a href="https://www.amazon.com/dp/B0013J1UA6?tag=eloabder-20&linkCode=osi&th=1&psc=1">View Product</a></div>





<div class="product"><a href="https://www.amazon.com/dp/B08GQ9G2V5?tag=eloabder-20&linkCode=osi&th=1&psc=1"><img src="https://m.media-amazon.com/images/I/511+rapOlWL._SL500_.jpg" alt="Product Image"></a><p>Armor All Car Air Freshener and Purifier, Car Odor Eliminator, 1.5 Ounce (Pack of 3)</p><p>$21.21 ($4.71 / Ounce)</p><a href="https://www.amazon.com/dp/B08GQ9G2V5?tag=eloabder-20&linkCode=osi&th=1&psc=1">View Product</a></div>







<div class="product"><a href="https://www.amazon.com/dp/B001229JCU?tag=eloabder-20&linkCode=osi&th=1&psc=1"><img src="https://m.media-amazon.com/images/I/31W6FuKPMcL._SL500_.jpg" alt="Product Image"></a><p>First Alert EZ Fire Spray, Extinguishing Aerosol Spray, AF400 Red 18 Ounce (Pack of 1)</p><p>$12.49</p><a href="https://www.amazon.com/dp/B001229JCU?tag=eloabder-20&linkCode=osi&th=1&psc=1">View Product</a></div><div class="product"><a href="https://www.amazon.com/dp/B002U0KGDY?tag=eloabder-20&linkCode=osi&th=1&psc=1"><img src="https://m.media-amazon.com/images/I/51p6R+mcRhL._SL500_.jpg" alt="Product Image"></a><p>First Alert EZ Fire Spray, Extinguishing Aerosol Spray, Pack of 2, AF400-2, RED</p><p>$27.02</p><a href="https://www.amazon.com/dp/B002U0KGDY?tag=eloabder-20&linkCode=osi&th=1&psc=1">View Product</a></div>
<div class="product"><a href="https://www.amazon.com/dp/B0088LVBUQ?tag=eloabder-20&linkCode=osi&th=1&psc=1"><img src="https://m.media-amazon.com/images/I/31h7l-l6u2L._SL500_.jpg" alt="Product Image"></a><p>Seymour EN-59 Hi-Tech Engine Spray Paint, General Motors Red</p><p>$9.08 ($0.76 / Ounce)</p><a href="https://www.amazon.com/dp/B0088LVBUQ?tag=eloabder-20&linkCode=osi&th=1&psc=1">View Product</a></div>




<div class="product"><a href="https://www.amazon.com/dp/B000HBNU9K?tag=eloabder-20&linkCode=osi&th=1&psc=1"><img src="https://m.media-amazon.com/images/I/41URzfKaVsL._SL500_.jpg" alt="Product Image"></a><p>Permatex 27828 Body Shop Heavy Duty Headliner Adhesive, High-Strength Spray Adhesive, Repair Detached Or Loose Interior Parts, Dries Clear, Aerosol Can, 16.75 Oz</p><p>$17.05 ($1.02 / Ounce)</p><a href="https://www.amazon.com/dp/B000HBNU9K?tag=eloabder-20&linkCode=osi&th=1&psc=1">View Product</a></div><div class="product"><a href="https://www.amazon.com/dp/B001VXXEXU?tag=eloabder-20&linkCode=osi&th=1&psc=1"><img src="https://m.media-amazon.com/images/I/5112onMwzaL._SL500_.jpg" alt="Product Image"></a><p>Vibra-TITE 213 Red VC-3 Original Threadmate, 250ml Can</p><p>$99.19</p><a href="https://www.amazon.com/dp/B001VXXEXU?tag=eloabder-20&linkCode=osi&th=1&psc=1">View Product</a></div><div class="product"><a href="https://www.amazon.com/dp/B0CWPSLTR1?tag=eloabder-20&linkCode=osi&th=1&psc=1"><img src="https://m.media-amazon.com/images/I/31ytleZjjaL._SL500_.jpg" alt="Product Image"></a><p>P & S PROFESSIONAL DETAIL PRODUCTS - Terminator Enzyme Spot and Stain Remover - Perfect for Deodorizing, Removing Embedded Soils, Grease, Dirt, and Protein-Based Stains; Fresh Scent (1 Quart)</p><p>$25.95 ($0.81 / Fl Oz)</p><a href="https://www.amazon.com/dp/B0CWPSLTR1?tag=eloabder-20&linkCode=osi&th=1&psc=1">View Product</a></div><div class="product"><a href="https://www.amazon.com/dp/B07GFNQL9H?tag=eloabder-20&linkCode=osi&th=1&psc=1"><img src="https://m.media-amazon.com/images/I/41AA3Nbt8OL._SL500_.jpg" alt="Product Image"></a><p>Gunk FEB1 Foamy Engine Brite Engine Cleaner - 17oz. 2 Pack</p><p>$17.95 ($0.53 / Ounce)</p><a href="https://www.amazon.com/dp/B07GFNQL9H?tag=eloabder-20&linkCode=osi&th=1&psc=1">View Product</a></div>



<div class="product"><a href="https://www.amazon.com/dp/B003SKCARK?tag=eloabder-20&linkCode=osi&th=1&psc=1"><img src="https://m.media-amazon.com/images/I/41rvU5irgRL._SL500_.jpg" alt="Product Image"></a><p>Obenauf's Heavy Duty LP Leather Preservative (4oz)- All Natural Beeswax Oil Conditioner- Rejuvenate Restore & Preserve Sunfaded or Cracked Boots Jackets Saddles Car Auto Upholstery Furniture- USA Made</p><p>$15.99</p><a href="https://www.amazon.com/dp/B003SKCARK?tag=eloabder-20&linkCode=osi&th=1&psc=1">View Product</a></div>
Aucun résultat trouvé.

<div class="product"><a href="https://www.amazon.com/dp/B0CLWDDWHX?tag=eloabder-20&linkCode=osi&th=1&psc=1"><img src="https://m.media-amazon.com/images/I/51HPMtia03L._SL500_.jpg" alt="Product Image"></a><p>Fire Fix Fire Extinguisher for Home 5-Pack | Made in USA | Emergency Fire Spray Foam for Apartment, Boat, Camping, Car, House, Kitchen & Vehicle | Safety & Survival | Compact, Small, Safe & Easy Use</p><p>$56.95</p><a href="https://www.amazon.com/dp/B0CLWDDWHX?tag=eloabder-20&linkCode=osi&th=1&psc=1">View Product</a></div><div class="product"><a href="https://www.amazon.com/dp/B0CKZF9H3D?tag=eloabder-20&linkCode=osi&th=1&psc=1"><img src="https://m.media-amazon.com/images/I/41+Q4YdByuL._SL500_.jpg" alt="Product Image"></a><p>Firexo All Fires Fire Extinguisher - Multipurpose Mini Aerosol - Pack of 6 - Home, Kitchen, Car, Garage, Boat, Caravan, Camping Household, ABC, Vehicle, Compact, RV, Emergency Equipment (0.1 Gal)</p><p>$139.99</p><a href="https://www.amazon.com/dp/B0CKZF9H3D?tag=eloabder-20&linkCode=osi&th=1&psc=1">View Product</a></div>
Aucun résultat trouvé.
Aucun résultat trouvé.






<div class="product"><a href="https://www.amazon.com/dp/B00FOKOKMU?tag=eloabder-20&linkCode=osi&th=1&psc=1"><img src="https://m.media-amazon.com/images/I/41KsUW-6WOL._SL500_.jpg" alt="Product Image"></a><p>The Original Leather Recoloring Balm by Furniture Clinic - 16 Colors - Leather Repair Kit for Furniture - Restore Couches, Car Seats & More - Leather Dye for Scratched and Faded Leather (Beige)</p><p>$29.95</p><a href="https://www.amazon.com/dp/B00FOKOKMU?tag=eloabder-20&linkCode=osi&th=1&psc=1">View Product</a></div>


<div class="product"><a href="https://www.amazon.com/dp/B0BQX6CPLS?tag=eloabder-20&linkCode=osi&th=1&psc=1"><img src="https://m.media-amazon.com/images/I/51OtuHOIJpL._SL500_.jpg" alt="Product Image"></a><p>Dry Stop Fire Spray by Prepared Hero - 8 Pack - Portable Fire Extinguisher for Home, Car, Garage, Kitchen - Works on Electrical, Grease, Battery Fires & More - Compact, Easy to Use</p><p>$143.99</p><a href="https://www.amazon.com/dp/B0BQX6CPLS?tag=eloabder-20&linkCode=osi&th=1&psc=1">View Product</a></div><div class="product"><a href="https://www.amazon.com/dp/B0BQX76B9K?tag=eloabder-20&linkCode=osi&th=1&psc=1"><img src="https://m.media-amazon.com/images/I/51iHCSuHw5L._SL500_.jpg" alt="Product Image"></a><p>Vapor Clean Fire Spray by Prepared Hero - 8 Pack - Portable Fire Extinguisher for Home, Car, Garage, Kitchen - Works on Electrical, Grease, Battery Fires & More - Compact, Easy to Use</p><p>$143.99</p><a href="https://www.amazon.com/dp/B0BQX76B9K?tag=eloabder-20&linkCode=osi&th=1&psc=1">View Product</a></div><div class="product"><a href="https://www.amazon.com/dp/B0C32NVZJZ?tag=eloabder-20&linkCode=osi&th=1&psc=1"><img src="https://m.media-amazon.com/images/I/61coxTM3mSL._SL500_.jpg" alt="Product Image"></a><p>Houandg Water-Based Fire Extinguisher- 2 Pack Portable Solution for All Fire Types in Homes, Vehicles, Kitchens - Prevents Re-Ignition</p><p>$33.98</p><a href="https://www.amazon.com/dp/B0C32NVZJZ?tag=eloabder-20&linkCode=osi&th=1&psc=1">View Product</a></div>
<div class="product"><a href="https://www.amazon.com/dp/B00L3W1OAO?tag=eloabder-20&linkCode=osi&th=1&psc=1"><img src="https://m.media-amazon.com/images/I/414uILMLuaL._SL500_.jpg" alt="Product Image"></a><p>Pro F/X Rubber Mask Grease Wheel - 1 Ounce - Trauma</p><p>$27.01</p><a href="https://www.amazon.com/dp/B00L3W1OAO?tag=eloabder-20&linkCode=osi&th=1&psc=1">View Product</a></div>
<div class="product"><a href="https://www.amazon.com/dp/B0CZ16SHCH?tag=eloabder-20&linkCode=osi&th=1&psc=1"><img src="https://m.media-amazon.com/images/I/31pYxaz4gYL._SL500_.jpg" alt="Product Image"></a><p>P & S PROFESSIONAL DETAIL PRODUCTS - Rehab - Paint Correction Creme Safe for All Paint Types and with Multiple pad Types - Easy-to-use-Formula Works at Any Stage of Paint Correction - 1 Quart</p><p>$56.95</p><a href="https://www.amazon.com/dp/B0CZ16SHCH?tag=eloabder-20&linkCode=osi&th=1&psc=1">View Product</a></div><div class="product"><a href="https://www.amazon.com/dp/B082BG8HLX?tag=eloabder-20&linkCode=osi&th=1&psc=1"><img src="https://m.media-amazon.com/images/I/31OAXbv7QFL._SL500_.jpg" alt="Product Image"></a><p>Lithium Auto Elixirs Color Crush- A rather intense approach to an Instant Detailer, Infused with color enhancing technology - Extremely Hydrophobic ingredients, long lasting Instant Detailer</p><p>$19.95 ($1.25 / Fl Oz)</p><a href="https://www.amazon.com/dp/B082BG8HLX?tag=eloabder-20&linkCode=osi&th=1&psc=1">View Product</a></div><div class="product"><a href="https://www.amazon.com/dp/B07MTPWZ76?tag=eloabder-20&linkCode=osi&th=1&psc=1"><img src="https://m.media-amazon.com/images/I/41v5yubrqoL._SL500_.jpg" alt="Product Image"></a><p>Lithium Seal and Squeal Paint Sealant/Polish - Incredible Shine and Lasting Protection - Curable Amino Functional Polymers Fused with Si02 Ceramic Nano Technology -Lasts for up to 12 Months (16 oz)</p><p>$39.99 ($2.50 / Ounce)</p><a href="https://www.amazon.com/dp/B07MTPWZ76?tag=eloabder-20&linkCode=osi&th=1&psc=1">View Product</a></div><div class="product"><a href="https://www.amazon.com/dp/B07MVNX377?tag=eloabder-20&linkCode=osi&th=1&psc=1"><img src="https://m.media-amazon.com/images/I/31gEqFf7rhL._SL500_.jpg" alt="Product Image"></a><p>Leather Love - The Best Leather Conditioner On The Planet, Brings Old Leather Back To Life, All Natural Ingredients Mixed With Serious Science, Restores, Rehydrates, Protects (8oz)</p><p>$28.99 ($3.62 / Ounce)</p><a href="https://www.amazon.com/dp/B07MVNX377?tag=eloabder-20&linkCode=osi&th=1&psc=1">View Product</a></div><div class="product"><a href="https://www.amazon.com/dp/B07MTQP514?tag=eloabder-20&linkCode=osi&th=1&psc=1"><img src="https://m.media-amazon.com/images/I/311IYwH-oaL._SL500_.jpg" alt="Product Image"></a><p>Trim Serum- Plastic Restorer- Restores Even the Most Damaged Plastic, Rubber and Vinyl, Last For Months, Penetrates Plastic Pores Restoring Color. (16 Oz)</p><p>$36.99</p><a href="https://www.amazon.com/dp/B07MTQP514?tag=eloabder-20&linkCode=osi&th=1&psc=1">View Product</a></div><div class="product"><a href="https://www.amazon.com/dp/B07236X7TS?tag=eloabder-20&linkCode=osi&th=1&psc=1"><img src="https://m.media-amazon.com/images/I/51-mgxYD9kL._SL500_.jpg" alt="Product Image"></a><p>Skidmore's Biker Edition Leather Cream | All Natural Formula Cleans, Conditions, and Protects your Motorcycle | Made in USA</p><p>$44.98</p><a href="https://www.amazon.com/dp/B07236X7TS?tag=eloabder-20&linkCode=osi&th=1&psc=1">View Product</a></div><div class="product"><a href="https://www.amazon.com/dp/B001CS6HH4?tag=eloabder-20&linkCode=osi&th=1&psc=1"><img src="https://m.media-amazon.com/images/I/41wY0SB+DWL._SL500_.jpg" alt="Product Image"></a><p>Fiebing's Yellow Saddle Soap for Leather (3.5 oz Tin) - Leather Cleaner & Conditioner to Soften, Protect & Restore Leathercraft - Leather Soap for Car Seat, Couch, Shoe, Purse, Boot, Bag, & Saddles</p><p>$7.15 ($2.04 / Ounce)</p><a href="https://www.amazon.com/dp/B001CS6HH4?tag=eloabder-20&linkCode=osi&th=1&psc=1">View Product</a></div><div class="product"><a href="https://www.amazon.com/dp/B08RHZ1BKD?tag=eloabder-20&linkCode=osi&th=1&psc=1"><img src="https://m.media-amazon.com/images/I/21WKh31c4tL._SL500_.jpg" alt="Product Image"></a><p>Lithium Ignite After Wash - Conditions and Shines Surfaces as You Dry. Streak-Free Hydrophobic Formula adds Lubrication to Stop Micro Scratching While Surfaces pop with Color.</p><p>$21.99 ($1.37 / Fl Oz)</p><a href="https://www.amazon.com/dp/B08RHZ1BKD?tag=eloabder-20&linkCode=osi&th=1&psc=1">View Product</a></div><div class="product"><a href="https://www.amazon.com/dp/B0003A1T3E?tag=eloabder-20&linkCode=osi&th=1&psc=1"><img src="https://m.media-amazon.com/images/I/41042PKJ1ZL._SL500_.jpg" alt="Product Image"></a><p>URAD One step All-In-One Leather conditioner 140g - NEUTRAL</p><p>$16.13</p><a href="https://www.amazon.com/dp/B0003A1T3E?tag=eloabder-20&linkCode=osi&th=1&psc=1">View Product</a></div>

<div class="product"><a href="https://www.amazon.com/dp/B0B3NFH3QY?tag=eloabder-20&linkCode=osi&th=1&psc=1"><img src="https://m.media-amazon.com/images/I/51sKVZnP-WL._SL500_.jpg" alt="Product Image"></a><p>Little Joe 96427-6PK I Love Hockey New Car Scent Red Car Air Freshener A/C Vent Clip Uses Alcohol-Free Fragrance Oil is Non-Hazardous and Non-Toxic Plastic, Pack of 6</p><p>$21.99 ($3.66 / Count)</p><a href="https://www.amazon.com/dp/B0B3NFH3QY?tag=eloabder-20&linkCode=osi&th=1&psc=1">View Product</a></div><div class="product"><a href="https://www.amazon.com/dp/B072275K82?tag=eloabder-20&linkCode=osi&th=1&psc=1"><img src="https://m.media-amazon.com/images/I/41wDnF6SiAL._SL500_.jpg" alt="Product Image"></a><p>Little Joe 96404-6PK Fruit Scent, Car Air Freshener, Clips to A/C Air Vent, Alcohol-Free Fragrance Oil, Non-Hazardous and Non-Toxic Plastic, Set of 6</p><p>$16.60 ($2.77 / Count)</p><a href="https://www.amazon.com/dp/B072275K82?tag=eloabder-20&linkCode=osi&th=1&psc=1">View Product</a></div><div class="product"><a href="https://www.amazon.com/dp/B0CQPQ2S4W?tag=eloabder-20&linkCode=osi&th=1&psc=1"><img src="https://m.media-amazon.com/images/I/31iRknmvjeL._SL500_.jpg" alt="Product Image"></a><p>Little Pup 96613 Blue Raspberry Slushy Scent Car Air Freshener A/C Vent Clip Uses Alcohol-Free Fragrance Oil is Non Hazardous and Non Toxic, Pack of 1</p><p>$3.94</p><a href="https://www.amazon.com/dp/B0CQPQ2S4W?tag=eloabder-20&linkCode=osi&th=1&psc=1">View Product</a></div><div class="product"><a href="https://www.amazon.com/dp/B0CQPNMTM4?tag=eloabder-20&linkCode=osi&th=1&psc=1"><img src="https://m.media-amazon.com/images/I/41eEovL+zML._SL500_.jpg" alt="Product Image"></a><p>Little Joe 96414-6PK Orange Creamsicle Scent Car Air Freshener A/C Vent Clip Uses Alcohol-Free Fragrance Oil is Non-Hazardous and Non-Toxic Plastic, Pack of 6</p><p>$25.99 ($4.33 / Count)</p><a href="https://www.amazon.com/dp/B0CQPNMTM4?tag=eloabder-20&linkCode=osi&th=1&psc=1">View Product</a></div><div class="product"><a href="https://www.amazon.com/dp/B0CH9KNNZN?tag=eloabder-20&linkCode=osi&th=1&psc=1"><img src="https://m.media-amazon.com/images/I/41jX66PGMTL._SL500_.jpg" alt="Product Image"></a><p>TAKAVU Clay Bars Auto Detailing 2 Pack X 100g, Premium Grade Material, Magic Clay Bar Cleaner for Cars, RV, Boat and Bus (Grey)</p><p>$9.99</p><a href="https://www.amazon.com/dp/B0CH9KNNZN?tag=eloabder-20&linkCode=osi&th=1&psc=1">View Product</a></div>

<div class="product"><a href="https://www.amazon.com/dp/B004UM6DLE?tag=eloabder-20&linkCode=osi&th=1&psc=1"><img src="https://m.media-amazon.com/images/I/314nawyx6sL._SL500_.jpg" alt="Product Image"></a><p>CARPRO IronX Iron Remover: Stops Rust Spots and Pre-Mature Failure of The Clear Coat, Iron Contaminant Removal - 500mL with Sprayer (17oz)</p><p>$26.78</p><a href="https://www.amazon.com/dp/B004UM6DLE?tag=eloabder-20&linkCode=osi&th=1&psc=1">View Product</a></div><div class="product"><a href="https://www.amazon.com/dp/B01HXZXO98?tag=eloabder-20&linkCode=osi&th=1&psc=1"><img src="https://m.media-amazon.com/images/I/41Ne9OfQGzL._SL500_.jpg" alt="Product Image"></a><p>Chemical Guys CWS80316 Clean Slate Deep Surface Cleaning Car Wash Soap (Removes Old Car Waxes, Glazes & Sealants for Superior Surface Prep), 16 fl oz, Citrus Scent</p><p>$11.99 ($0.75 / Fl Oz)</p><a href="https://www.amazon.com/dp/B01HXZXO98?tag=eloabder-20&linkCode=osi&th=1&psc=1">View Product</a></div><div class="product"><a href="https://www.amazon.com/dp/B07C39H9YX?tag=eloabder-20&linkCode=osi&th=1&psc=1"><img src="https://m.media-amazon.com/images/I/31yK3Vb5xWL._SL500_.jpg" alt="Product Image"></a><p>Adam's Polishes Iron Remover (16oz) - Iron Out Fallout Rust Remover Spray for Car Detailing | Remove Iron Particles in Car Paint, Motorcycle, RV & Boat | Use Before Clay Bar, Car Wax or Car Wash</p><p>$16.99</p><a href="https://www.amazon.com/dp/B07C39H9YX?tag=eloabder-20&linkCode=osi&th=1&psc=1">View Product</a></div><div class="product"><a href="https://www.amazon.com/dp/B0BTJ9DJM5?tag=eloabder-20&linkCode=osi&th=1&psc=1"><img src="https://m.media-amazon.com/images/I/41tNMqlDrxL._SL500_.jpg" alt="Product Image"></a><p>Torque Detail Decon Wash Pack - Decontamination Soap 8oz + Wash Mitt - Surface Strip Wash Car Shampoo - Highly Absorbent Microfiber Chenille Car Wash Mitt Safely Cleans Your Vehicles Entire Surface</p><p>$24.95 ($3.12 / Fl Oz)</p><a href="https://www.amazon.com/dp/B0BTJ9DJM5?tag=eloabder-20&linkCode=osi&th=1&psc=1">View Product</a></div><div class="product"><a href="https://www.amazon.com/dp/B013K5V9PQ?tag=eloabder-20&linkCode=osi&th=1&psc=1"><img src="https://m.media-amazon.com/images/I/41V3rm6NlZL._SL500_.jpg" alt="Product Image"></a><p>CARPRO PolyShave Decon Towel - Car Detailing Clay Decontamination Faster than Clay Bar, Clean & Release of Paint Contaminants and Glass - Increase Wax and Sealant Bond - 12" x 12" (1 Pack)</p><p>$39.97</p><a href="https://www.amazon.com/dp/B013K5V9PQ?tag=eloabder-20&linkCode=osi&th=1&psc=1">View Product</a></div><div class="product"><a href="https://www.amazon.com/dp/B0B788NBWG?tag=eloabder-20&linkCode=osi&th=1&psc=1"><img src="https://m.media-amazon.com/images/I/51NDfAOuEmL._SL500_.jpg" alt="Product Image"></a><p>P & S Professional Detail Products - Clay Decontamination Towel - Effective Cleaning & Release of Paint Contaminants; Increase Wax & Sealant Bond; Enhance Gloss & Depth of Color; Fine Grade-12" x 12"</p><p>$34.95</p><a href="https://www.amazon.com/dp/B0B788NBWG?tag=eloabder-20&linkCode=osi&th=1&psc=1">View Product</a></div><div class="product"><a href="https://www.amazon.com/dp/B0B27TFK69?tag=eloabder-20&linkCode=osi&th=1&psc=1"><img src="https://m.media-amazon.com/images/I/41zJPQIcqeL._SL500_.jpg" alt="Product Image"></a><p>The Rag Company - Ultra Clay Decontamination Mitt - Easy to Use; Effective Cleaning & Release of Paint Contaminants; Increase Wax & Sealant Bond; Enhance Gloss &Color Depth; Fine Grade (8.7"x5.7")</p><p>$34.95</p><a href="https://www.amazon.com/dp/B0B27TFK69?tag=eloabder-20&linkCode=osi&th=1&psc=1">View Product</a></div><div class="product"><a href="https://www.amazon.com/dp/B0C6XBN14N?tag=eloabder-20&linkCode=osi&th=1&psc=1"><img src="https://m.media-amazon.com/images/I/31BSavOJ89L._SL500_.jpg" alt="Product Image"></a><p>3D Iron Remover GLW Series | DIY Car Detailing | Hyper Effective Wheel Decontamination | Removes Iron Particles, Dirt, Brake Dust | Rapid Results | Ultimate Iron & Surface Contaminate Eliminator, 16oz</p><p>$17.99</p><a href="https://www.amazon.com/dp/B0C6XBN14N?tag=eloabder-20&linkCode=osi&th=1&psc=1">View Product</a></div>







<div class="product"><a href="https://www.amazon.com/dp/B0D2SPCW3G?tag=eloabder-20&linkCode=osi&th=1&psc=1"><img src="https://m.media-amazon.com/images/I/41JYIg6xqqL._SL500_.jpg" alt="Product Image"></a><p>Crankcase Ventilation Oil Separator with Gasket Compatible for 2008-2014 Volvo Mack D13 D16 MP8 Engine Replace 21122541 20499419</p><p>$155.99</p><a href="https://www.amazon.com/dp/B0D2SPCW3G?tag=eloabder-20&linkCode=osi&th=1&psc=1">View Product</a></div>

<div class="product"><a href="https://www.amazon.com/dp/B0C6M2FHGX?tag=eloabder-20&linkCode=osi&th=1&psc=1"><img src="https://m.media-amazon.com/images/I/21wWRrpHdbL._SL500_.jpg" alt="Product Image"></a><p>eMagTech 9PCS Warning Sign Please No Smoking Vaping Food Drink Stickers 110x50mm Self-Adhesive Vinyl Window Decal for Car Taxis Buses Minibuses</p><p>$9.49</p><a href="https://www.amazon.com/dp/B0C6M2FHGX?tag=eloabder-20&linkCode=osi&th=1&psc=1">View Product</a></div>

Aucun résultat trouvé.

<div class="product"><a href="https://www.amazon.com/dp/B0CVWZZMRY?tag=eloabder-20&linkCode=osi&th=1&psc=1"><img src="https://m.media-amazon.com/images/I/512y-1GwQNL._SL500_.jpg" alt="Product Image"></a><p>Jewkot 4 PCS Car Wiper Strip, 28" Boneless Structure Car Windshield Cleaning Wiper Strip, DIY Length Auxiliary Cleaning Replacement Accessory, Suitable for Most Cars, Vans, Trucks, Buses (Black)</p><p>$5.58</p><a href="https://www.amazon.com/dp/B0CVWZZMRY?tag=eloabder-20&linkCode=osi&th=1&psc=1">View Product</a></div>
<div class="product"><a href="https://www.amazon.com/dp/B07L3VQC6W?tag=eloabder-20&linkCode=osi&th=1&psc=1"><img src="https://m.media-amazon.com/images/I/41GebP+2HYL._SL500_.jpg" alt="Product Image"></a><p>BRISA VW Collection Volkswagen Air Freshener, Room Freshener, Deodorizer for Cars T1 Bus Campervan Motif (Citrus/Yellow/Set of 2)</p><p>$13.90 ($6.95 / Count)</p><a href="https://www.amazon.com/dp/B07L3VQC6W?tag=eloabder-20&linkCode=osi&th=1&psc=1">View Product</a></div><div class="product"><a href="https://www.amazon.com/dp/B07L3V86JS?tag=eloabder-20&linkCode=osi&th=1&psc=1"><img src="https://m.media-amazon.com/images/I/41TblWhKhQL._SL500_.jpg" alt="Product Image"></a><p>BRISA VW Collection Volkswagen Air Freshener, Room Freshener, Deodorizer for Cars T1 Bus Campervan Motif (New Car/Green/Set of 2)</p><p>$13.90 ($6.95 / Count)</p><a href="https://www.amazon.com/dp/B07L3V86JS?tag=eloabder-20&linkCode=osi&th=1&psc=1">View Product</a></div>


Aucun résultat trouvé.










<div class="product"><a href="https://www.amazon.com/dp/B099HL5SV2?tag=eloabder-20&linkCode=osi&th=1&psc=1"><img src="https://m.media-amazon.com/images/I/31kcR8HnylL._SL500_.jpg" alt="Product Image"></a><p>Philips GoPure GP5212 High Performance HEPA Air Purifier for Car, Removes up to 100 Pollutants, Exhaust Fumes, VOCs, Smoke, Bad Odors, Bacteria and Viruses</p><p>$77.59</p><a href="https://www.amazon.com/dp/B099HL5SV2?tag=eloabder-20&linkCode=osi&th=1&psc=1">View Product</a></div><div class="product"><a href="https://www.amazon.com/dp/B07TB419F7?tag=eloabder-20&linkCode=osi&th=1&psc=1"><img src="https://m.media-amazon.com/images/I/41l9XK-u-eL._SL500_.jpg" alt="Product Image"></a><p>Enoch Ionic Car Air Purifier with Dual USB Car Charger. Car Air Freshener Eliminates Odor, Dust. Removes Smoke, Pet and Food Odor. Ionic Ozone Car Deodorizer (Matt Black)</p><p>$24.50</p><a href="https://www.amazon.com/dp/B07TB419F7?tag=eloabder-20&linkCode=osi&th=1&psc=1">View Product</a></div><div class="product"><a href="https://www.amazon.com/dp/B08C9LKKMM?tag=eloabder-20&linkCode=osi&th=1&psc=1"><img src="https://m.media-amazon.com/images/I/41uJDRzxfrL._SL500_.jpg" alt="Product Image"></a><p>4WDKING Car Air Purifier Ionizer, 12V Plug-in Car Air Freshener Gadgets with Dual USB Charger Removes Cigarette Smoke, Pet and Food Odor, Ionic Ozone (Black)</p><p>$22.99</p><a href="https://www.amazon.com/dp/B08C9LKKMM?tag=eloabder-20&linkCode=osi&th=1&psc=1">View Product</a></div><div class="product"><a href="https://www.amazon.com/dp/B07C7D366L?tag=eloabder-20&linkCode=osi&th=1&psc=1"><img src="https://m.media-amazon.com/images/I/51GvjMcOskL._SL500_.jpg" alt="Product Image"></a><p>Car Air Purifier Ionizer - 12V Plug-in Ionic Anti-Microbial Car Deodorizer with Dual USB Charger - Smoke Smell, Pet and Food Odors, Allergens, Viruses Eliminator for Car (Matte Silver)</p><p>$24.99</p><a href="https://www.amazon.com/dp/B07C7D366L?tag=eloabder-20&linkCode=osi&th=1&psc=1">View Product</a></div><div class="product"><a href="https://www.amazon.com/dp/B086H3FW7T?tag=eloabder-20&linkCode=osi&th=1&psc=1"><img src="https://m.media-amazon.com/images/I/51FfQTz4koL._SL500_.jpg" alt="Product Image"></a><p>bmbu 1000g Large Bamboo Charcoal Air Purifier Bag - Car Deodorizer/Car Freshener - Remove Odor and Control Moisture in Your RV, Camper, SUV, Car, Truck, Closet, Mobile Home, Storage - Non Fragrant</p><p>$22.99 ($0.65 / Ounce)</p><a href="https://www.amazon.com/dp/B086H3FW7T?tag=eloabder-20&linkCode=osi&th=1&psc=1">View Product</a></div><div class="product"><a href="https://www.amazon.com/dp/B019NXUJ5K?tag=eloabder-20&linkCode=osi&th=1&psc=1"><img src="https://m.media-amazon.com/images/I/31grLw6pdUL._SL500_.jpg" alt="Product Image"></a><p>PURGGO Car Air Freshener - Lasts 365+ Days No Chemicals 100% Activated Bamboo Charcoal Fragrance-Free Deodorizer, Natural Auto Odor Eliminator, Purifier, Neutralizer, Absorb Smoke Smell</p><p>$25.99</p><a href="https://www.amazon.com/dp/B019NXUJ5K?tag=eloabder-20&linkCode=osi&th=1&psc=1">View Product</a></div><div class="product"><a href="https://www.amazon.com/dp/B0CT5TBKH5?tag=eloabder-20&linkCode=osi&th=1&psc=1"><img src="https://m.media-amazon.com/images/I/41UB7n6FuwL._SL500_.jpg" alt="Product Image"></a><p>Timgle 1 Pack Car Air Freshener, Lasts 365+ Days, No Chemicals 100% Activated Bamboo Charcoal Fragrance, Free Deodorizer, Natural Auto Odor Eliminator, Purifier, Neutralizer (Khaki Strap)</p><p>$10.99</p><a href="https://www.amazon.com/dp/B0CT5TBKH5?tag=eloabder-20&linkCode=osi&th=1&psc=1">View Product</a></div><div class="product"><a href="https://www.amazon.com/dp/B00V4049K2?tag=eloabder-20&linkCode=osi&th=1&psc=1"><img src="https://m.media-amazon.com/images/I/51rLLMGOc6L._SL500_.jpg" alt="Product Image"></a><p>PURGGO Car Air Freshener - Auto Odor Eliminator - 100% Activated Bamboo Charcoal Air Purifier, Ionizer - Absorb and Remove Smoke Smell - Fragrance-Free Deodorizer - Lasts 365+ Days [Classic Beige]</p><p>$25.99</p><a href="https://www.amazon.com/dp/B00V4049K2?tag=eloabder-20&linkCode=osi&th=1&psc=1">View Product</a></div>








<div class="product"><a href="https://www.amazon.com/dp/B00RYGK12K?tag=eloabder-20&linkCode=osi&th=1&psc=1"><img src="https://m.media-amazon.com/images/I/51RdEyCkvuL._SL500_.jpg" alt="Product Image"></a><p>Little Trees Cardboard Hanging Car, Home & Office Air Freshener, Summer Linen (Pack of 12)</p><p>$11.82 ($0.98 / Count)</p><a href="https://www.amazon.com/dp/B00RYGK12K?tag=eloabder-20&linkCode=osi&th=1&psc=1">View Product</a></div><div class="product"><a href="https://www.amazon.com/dp/B00LM54ZD0?tag=eloabder-20&linkCode=osi&th=1&psc=1"><img src="https://m.media-amazon.com/images/I/41YuRNweefL._SL500_.jpg" alt="Product Image"></a><p>LITTLE TREES Air Fresheners Car Air Freshener. Hanging Tree Provides Long Lasting Scent for Auto or Home. Black Ice, 24 Air Fresheners</p><p>$20.19 ($0.84 / Count)</p><a href="https://www.amazon.com/dp/B00LM54ZD0?tag=eloabder-20&linkCode=osi&th=1&psc=1">View Product</a></div><div class="product"><a href="https://www.amazon.com/dp/B09BB4V1Y8?tag=eloabder-20&linkCode=osi&th=1&psc=1"><img src="https://m.media-amazon.com/images/I/51AKMdDLO-L._SL500_.jpg" alt="Product Image"></a><p>DRIVEJOY Car Air Freshener Vent Clips, 8 PK, 6 Ocean, 2 New Car Scent, Car Fresheners for Men Women, Up to 240 Days, Long Lasting Air Freshener for Car, Odor Eliminator</p><p>$9.98 ($9.60 / Fl Oz)</p><a href="https://www.amazon.com/dp/B09BB4V1Y8?tag=eloabder-20&linkCode=osi&th=1&psc=1">View Product</a></div><div class="product"><a href="https://www.amazon.com/dp/B078JWRLYT?tag=eloabder-20&linkCode=osi&th=1&psc=1"><img src="https://m.media-amazon.com/images/I/41shbIl-LEL._SL500_.jpg" alt="Product Image"></a><p>California Scents Air Freshener 4-Pack Car Air Freshener (Coronado Cherry)</p><p>$12.88 ($2.15 / Ounce)</p><a href="https://www.amazon.com/dp/B078JWRLYT?tag=eloabder-20&linkCode=osi&th=1&psc=1">View Product</a></div><div class="product"><a href="https://www.amazon.com/dp/B0CW4CJWW9?tag=eloabder-20&linkCode=osi&th=1&psc=1"><img src="https://m.media-amazon.com/images/I/417lKQ0MXPL._SL500_.jpg" alt="Product Image"></a><p>Karma, Essential Oil Air Freshener for Cars Set of 2, Home & Office - Colorful Decorative Hanging Air Freshener with Tassel, Buttercup Vanilla Scented</p><p>$8.40 ($4.20 / Count)</p><a href="https://www.amazon.com/dp/B0CW4CJWW9?tag=eloabder-20&linkCode=osi&th=1&psc=1">View Product</a></div><div class="product"><a href="https://www.amazon.com/dp/B00AYCXL2I?tag=eloabder-20&linkCode=osi&th=1&psc=1"><img src="https://m.media-amazon.com/images/I/5165h10nKbL._SL500_.jpg" alt="Product Image"></a><p>Febreze Car Air Fresheners, New Car Scent, Odor Eliminator for Strong Odors Car Vent Clips (2 Count)</p><p>$9.98 ($4.99 / Count)</p><a href="https://www.amazon.com/dp/B00AYCXL2I?tag=eloabder-20&linkCode=osi&th=1&psc=1">View Product</a></div><div class="product"><a href="https://www.amazon.com/dp/B01LZ0N1MJ?tag=eloabder-20&linkCode=osi&th=1&psc=1"><img src="https://m.media-amazon.com/images/I/41J5LJGof9L._SL500_.jpg" alt="Product Image"></a><p>LITTLE TREES Car Air Freshener | Hanging Paper Tree for Home or Car | New Car Scent | 12 Pack</p><p>$11.70 ($0.98 / Count)</p><a href="https://www.amazon.com/dp/B01LZ0N1MJ?tag=eloabder-20&linkCode=osi&th=1&psc=1">View Product</a></div><div class="product"><a href="https://www.amazon.com/dp/B0C2Q2VGPZ?tag=eloabder-20&linkCode=osi&th=1&psc=1"><img src="https://m.media-amazon.com/images/I/413gckSL1EL._SL500_.jpg" alt="Product Image"></a><p>Savage Disposable Card Freshener for Men | Car Scents Air Freshener with Sauvage Fragrance | Strong Car Perfume Air Freshener with Odour Eliminating Technology | Suvage by Perfa</p><p>$6.99</p><a href="https://www.amazon.com/dp/B0C2Q2VGPZ?tag=eloabder-20&linkCode=osi&th=1&psc=1">View Product</a></div>




<div class="product"><a href="https://www.amazon.com/dp/B06WVL7YSG?tag=eloabder-20&linkCode=osi&th=1&psc=1"><img src="https://m.media-amazon.com/images/I/51fO0NuM6nL._SL500_.jpg" alt="Product Image"></a><p>Meguiar's Quik Scratch Eraser Kit, Car Scratch Remover for Repairing Surface Blemishes, Car Care Kit with ScratchX, Drill-Mounted Pad, and Microfiber Towel, 3 Count</p><p>$17.97</p><a href="https://www.amazon.com/dp/B06WVL7YSG?tag=eloabder-20&linkCode=osi&th=1&psc=1">View Product</a></div><div class="product"><a href="https://www.amazon.com/dp/B00P67GSRG?tag=eloabder-20&linkCode=osi&th=1&psc=1"><img src="https://m.media-amazon.com/images/I/41R-vt8tcnL._SL500_.jpg" alt="Product Image"></a><p>Chemical Guys GAP_VKIT_16 V Line Polish and Compound Kit For Light to Heavy Swirls & Scratches (Safe for Cars, Trucks, SUVs, RVs, Motorcycles, & More) 4 - 16 fl oz Items</p><p>$69.99</p><a href="https://www.amazon.com/dp/B00P67GSRG?tag=eloabder-20&linkCode=osi&th=1&psc=1">View Product</a></div>
<div class="product"><a href="https://www.amazon.com/dp/B0BQ1CPLSQ?tag=eloabder-20&linkCode=osi&th=1&psc=1"><img src="https://m.media-amazon.com/images/I/41ikSNNgp5L._SL500_.jpg" alt="Product Image"></a><p>PROPER DETAILING CO. Car Detailing Kit Interior Cleaner, Get Professional Results - Car Interior Cleaning Kit includes 16 oz. interior cleaner, premium boars hair detail brush, and 2 microfiber towels</p><p>$23.99</p><a href="https://www.amazon.com/dp/B0BQ1CPLSQ?tag=eloabder-20&linkCode=osi&th=1&psc=1">View Product</a></div>






<div class="product"><a href="https://www.amazon.com/dp/B004VG6SWS?tag=eloabder-20&linkCode=osi&th=1&psc=1"><img src="https://m.media-amazon.com/images/I/31M54KTIo2L._SL500_.jpg" alt="Product Image"></a><p>3M Scotchgard Clear Paint Protection Bulk Film Roll 12-by-72-inches</p><p>$38.00</p><a href="https://www.amazon.com/dp/B004VG6SWS?tag=eloabder-20&linkCode=osi&th=1&psc=1">View Product</a></div><div class="product"><a href="https://www.amazon.com/dp/B073X7WF5J?tag=eloabder-20&linkCode=osi&th=1&psc=1"><img src="https://m.media-amazon.com/images/I/41PIPchJvFL._SL500_.jpg" alt="Product Image"></a><p>VViViD 3M Clear Paint Protection Vinyl Film 6 Inch x 25 Inch</p><p>$9.99</p><a href="https://www.amazon.com/dp/B073X7WF5J?tag=eloabder-20&linkCode=osi&th=1&psc=1">View Product</a></div>

<div class="product"><a href="https://www.amazon.com/dp/B09VLKQY83?tag=eloabder-20&linkCode=osi&th=1&psc=1"><img src="https://m.media-amazon.com/images/I/41HrqrTIGUL._SL500_.jpg" alt="Product Image"></a><p>Charcoal 2PLY Nano Ceramic 20% VLT Car Tint 36 in x 25 FT Professional Window Tint Heat, UV 99%, and IRR 85% to 90% Tint for Cars or Building Adhesive Film Easy Shrink, Plotter Friendly</p><p>$56.95 ($0.76 / Sq Ft)</p><a href="https://www.amazon.com/dp/B09VLKQY83?tag=eloabder-20&linkCode=osi&th=1&psc=1">View Product</a></div><div class="product"><a href="https://www.amazon.com/dp/B000CAM2ZO?tag=eloabder-20&linkCode=osi&th=1&psc=1"><img src="https://m.media-amazon.com/images/I/31zB99KwKWL._SL500_.jpg" alt="Product Image"></a><p>Black Magic 5060107 Professional Anti-Heat Layer Tint Film, 5% VLT, 24-Inches x 78-Inches</p><p>$20.26 ($1.56 / Sq Ft)</p><a href="https://www.amazon.com/dp/B000CAM2ZO?tag=eloabder-20&linkCode=osi&th=1&psc=1">View Product</a></div>

<div class="product"><a href="https://www.amazon.com/dp/B081T7N948?tag=eloabder-20&linkCode=osi&th=1&psc=1"><img src="https://m.media-amazon.com/images/I/41q0eWfEB3L._SL500_.jpg" alt="Product Image"></a><p>PULIDIKI Car Cleaning Gel Universal Detailing Kit Automotive Dust Car Crevice Cleaner Slime Auto Air Vent Interior Detail Removal for Car Putty Cleaning Keyboard Cleaner Car Accessories Blue</p><p>$5.94</p><a href="https://www.amazon.com/dp/B081T7N948?tag=eloabder-20&linkCode=osi&th=1&psc=1">View Product</a></div><div class="product"><a href="https://www.amazon.com/dp/B0CRKX3D9J?tag=eloabder-20&linkCode=osi&th=1&psc=1"><img src="https://m.media-amazon.com/images/I/51aymO4P7aL._SL500_.jpg" alt="Product Image"></a><p>PULIDIKI Car Cleaning Gel for Car Cleaning Putty Car Putty Auto Detailing Tools Car Slime Cleaner Dust Cleaning Gel for Car Interior Cleaner Car Accessories Keyboard Cleaner Blue (2Pack)</p><p>$9.99</p><a href="https://www.amazon.com/dp/B0CRKX3D9J?tag=eloabder-20&linkCode=osi&th=1&psc=1">View Product</a></div><div class="product"><a href="https://www.amazon.com/dp/B0988X73FW?tag=eloabder-20&linkCode=osi&th=1&psc=1"><img src="https://m.media-amazon.com/images/I/51qQkFSZAIL._SL500_.jpg" alt="Product Image"></a><p>TICARVE Car Cleaning Gel Detailing Putty Car Putty Auto Detailing Tools Car Interior Cleaner Cleaning Slime Car Accessories Keyboard Cleaner Rose/NT WT: 5.6 oz (160 gr)</p><p>$6.98</p><a href="https://www.amazon.com/dp/B0988X73FW?tag=eloabder-20&linkCode=osi&th=1&psc=1">View Product</a></div><div class="product"><a href="https://www.amazon.com/dp/B08RDNV8KQ?tag=eloabder-20&linkCode=osi&th=1&psc=1"><img src="https://m.media-amazon.com/images/I/51DwR48ghvL._SL500_.jpg" alt="Product Image"></a><p>TICARVE Cleaning Gel for Car Detailing Car Vent Cleaner Cleaning Putty Gel Auto Car Interior Cleaner Dust Cleaning Mud for Cars and Keyboard Cleaner Cleaning Slime Purple</p><p>$6.99</p><a href="https://www.amazon.com/dp/B08RDNV8KQ?tag=eloabder-20&linkCode=osi&th=1&psc=1">View Product</a></div><div class="product"><a href="https://www.amazon.com/dp/B07SBNH48K?tag=eloabder-20&linkCode=osi&th=1&psc=1"><img src="https://m.media-amazon.com/images/I/51MyrDaYquL._SL500_.jpg" alt="Product Image"></a><p>COLORCORAL Cleaning Gel for Car Universal Gel Cleaner Auto Detailing Car Vent Keyboard Cleaning Putty Car Interior Cleaner Dashboard Dust Remover Putty Auto Duster Cleaning Kit 160G</p><p>$6.99</p><a href="https://www.amazon.com/dp/B07SBNH48K?tag=eloabder-20&linkCode=osi&th=1&psc=1">View Product</a></div><div class="product"><a href="https://www.amazon.com/dp/B0D1CB8RP2?tag=eloabder-20&linkCode=osi&th=1&psc=1"><img src="https://m.media-amazon.com/images/I/51MPeMNItzL._SL500_.jpg" alt="Product Image"></a><p>ALIOBC Car Cleaning Gel, Keyboard Cleaner Cleaning Putty for Car Interior Car Slime Cleaner Dust Cleaning Gel Car Putty for Cleaning Car Gel Cleaner Blue NT.WT.: 5.6 oz (160 g)</p><p>$6.99</p><a href="https://www.amazon.com/dp/B0D1CB8RP2?tag=eloabder-20&linkCode=osi&th=1&psc=1">View Product</a></div><div class="product"><a href="https://www.amazon.com/dp/B09995RLLH?tag=eloabder-20&linkCode=osi&th=1&psc=1"><img src="https://m.media-amazon.com/images/I/51hASKz7MnL._SL500_.jpg" alt="Product Image"></a><p>TICARVE 2Pack Cleaning Gel for Car Cleaning Putty Car Slime for Cleaning Car Detailing Putty Detail Tools Car Interior Cleaner Automotive Car Cleaning Kits Keyboard Cleaner Blue Purple (320g/11.2oz)</p><p>$7.99</p><a href="https://www.amazon.com/dp/B09995RLLH?tag=eloabder-20&linkCode=osi&th=1&psc=1">View Product</a></div><div class="product"><a href="https://www.amazon.com/dp/B0D6X5K8CY?tag=eloabder-20&linkCode=osi&th=1&psc=1"><img src="https://m.media-amazon.com/images/I/51C3FExB5RL._SL500_.jpg" alt="Product Image"></a><p>Dust Away Universal Car Cleaning Gel Automotive Detail Putty Crevice Cleaning Slime for Air Vents Interiors Keyboards Laptops & Electronics Versatile Home & Office Accessories Fresh Scent (Lime Green)</p><p>$5.88</p><a href="https://www.amazon.com/dp/B0D6X5K8CY?tag=eloabder-20&linkCode=osi&th=1&psc=1">View Product</a></div>


<div class="product"><a href="https://www.amazon.com/dp/B0BB9M5TSP?tag=eloabder-20&linkCode=osi&th=1&psc=1"><img src="https://m.media-amazon.com/images/I/51NEhgC0fNL._SL500_.jpg" alt="Product Image"></a><p>Ouzorp Car Wheel Scratch repair Rim Touch Up Paint Rim Scratch Repair Pen Quick And Easy Wheel（silver）</p><p>$10.99 ($15.48 / Fl Oz)</p><a href="https://www.amazon.com/dp/B0BB9M5TSP?tag=eloabder-20&linkCode=osi&th=1&psc=1">View Product</a></div>



<div class="product"><a href="https://www.amazon.com/dp/B0D464228M?tag=eloabder-20&linkCode=osi&th=1&psc=1"><img src="https://m.media-amazon.com/images/I/315VtBe9l-L._SL500_.jpg" alt="Product Image"></a><p>Drift Car Air Freshener - Wood Air Freshener - Car Odor Eliminator - Open Air Scent Starter Kit</p><p>$11.95</p><a href="https://www.amazon.com/dp/B0D464228M?tag=eloabder-20&linkCode=osi&th=1&psc=1">View Product</a></div>
<div class="product"><a href="https://www.amazon.com/dp/B071HR14SJ?tag=eloabder-20&linkCode=osi&th=1&psc=1"><img src="https://m.media-amazon.com/images/I/41crypCefDL._SL500_.jpg" alt="Product Image"></a><p>Meguiar's Gold Class Car Wash Soap, Ultra-Rich Car Wash Soap and Conditioner for Car Cleaning, Car Wash Soap to Clean and Condition in One Easy Step, 1 Gallon Car Wash Soap</p><p>$24.99 ($0.20 / Ounce)</p><a href="https://www.amazon.com/dp/B071HR14SJ?tag=eloabder-20&linkCode=osi&th=1&psc=1">View Product</a></div><div class="product"><a href="https://www.amazon.com/dp/B085R9L9Q9?tag=eloabder-20&linkCode=osi&th=1&psc=1"><img src="https://m.media-amazon.com/images/I/41tAv1FNbZL._SL500_.jpg" alt="Product Image"></a><p>Armor All Extreme Shield Protectant Spray , Interior Car Cleaner with UV Protection Against Cracking and Fading, 16 Fl Oz</p><p>$8.98 ($0.56 / Fl Oz)</p><a href="https://www.amazon.com/dp/B085R9L9Q9?tag=eloabder-20&linkCode=osi&th=1&psc=1">View Product</a></div><div class="product"><a href="https://www.amazon.com/dp/B016NA9Y4S?tag=eloabder-20&linkCode=osi&th=1&psc=1"><img src="https://m.media-amazon.com/images/I/31oz8VJFdjL._SL500_.jpg" alt="Product Image"></a><p>Rain-X 5079281-2 Latitude 2-In-1 Wiper Blades, 26 Inch Windshield Wipers (Pack Of 1), Automotive Replacement Windshield Wiper Blades With Patented Rain-X Water Repellency Formula</p><p>$17.08</p><a href="https://www.amazon.com/dp/B016NA9Y4S?tag=eloabder-20&linkCode=osi&th=1&psc=1">View Product</a></div><div class="product"><a href="https://www.amazon.com/dp/B0D2PCCJVK?tag=eloabder-20&linkCode=osi&th=1&psc=1"><img src="https://m.media-amazon.com/images/I/41BFT-c3a9L._SL500_.jpg" alt="Product Image"></a><p>HoogaLife Car Air Freshener Diffuser – Revitalize Your Drive with Hanging Air Freshener Diffuser Aromatic Bliss On The Go(VANILLA CREAM)</p><p>$12.99 ($24.06 / Fl Oz)</p><a href="https://www.amazon.com/dp/B0D2PCCJVK?tag=eloabder-20&linkCode=osi&th=1&psc=1">View Product</a></div><div class="product"><a href="https://www.amazon.com/dp/B0D17SKCLF?tag=eloabder-20&linkCode=osi&th=1&psc=1"><img src="https://m.media-amazon.com/images/I/51VjaK8JNmL._SL500_.jpg" alt="Product Image"></a><p>AIDEA Car Wash Mitt Microfiber, 1PK-Scratch-Free& Lint-Free, Premium Chenille Microfiber Wash Mitt-Green Regular Size (7.12''X10.14'')</p><p>$5.99</p><a href="https://www.amazon.com/dp/B0D17SKCLF?tag=eloabder-20&linkCode=osi&th=1&psc=1">View Product</a></div>








<div class="product"><a href="https://www.amazon.com/dp/B00UZE8D00?tag=eloabder-20&linkCode=osi&th=1&psc=1"><img src="https://m.media-amazon.com/images/I/517VVkgvgcL._SL500_.jpg" alt="Product Image"></a><p>Chemical Guys HOL_996 Convertible Top Cleaner and Protectant Kit, 16 oz, 2 Items</p><p>$29.99</p><a href="https://www.amazon.com/dp/B00UZE8D00?tag=eloabder-20&linkCode=osi&th=1&psc=1">View Product</a></div><div class="product"><a href="https://www.amazon.com/dp/B004HCS4NW?tag=eloabder-20&linkCode=osi&th=1&psc=1"><img src="https://m.media-amazon.com/images/I/41j5b6xRqNL._SL500_.jpg" alt="Product Image"></a><p>Meguiar's Convertible Top Cleaner - Fabric Convertible Top Cleaner and Vinyl Convertible Top Cleaner in One Advanced Formula - Safely Removes Stains, Mildew, Bird Droppings, and More, 16 Oz</p><p>$6.87 ($0.43 / Ounce)</p><a href="https://www.amazon.com/dp/B004HCS4NW?tag=eloabder-20&linkCode=osi&th=1&psc=1">View Product</a></div><div class="product"><a href="https://www.amazon.com/dp/B00UZE80N0?tag=eloabder-20&linkCode=osi&th=1&psc=1"><img src="https://m.media-amazon.com/images/I/31FG83SK9SL._SL500_.jpg" alt="Product Image"></a><p>Chemical Guys SPI_193_16 Convertible Top Protectant and Repellent, (Helps Prevent Fading & Discoloration on Fabric Sot Tops) 16 fl oz (Packaging May Vary)</p><p>$19.99 ($1.25 / Fl Oz)</p><a href="https://www.amazon.com/dp/B00UZE80N0?tag=eloabder-20&linkCode=osi&th=1&psc=1">View Product</a></div><div class="product"><a href="https://www.amazon.com/dp/B00UZE8C1A?tag=eloabder-20&linkCode=osi&th=1&psc=1"><img src="https://m.media-amazon.com/images/I/31aLnXKZxfL._SL500_.jpg" alt="Product Image"></a><p>Chemical Guys ACC_S94 Convertible Top Horse Hair Cleaning Brush, Safe for Cloth Soft Tops, Upholstery, Leather, Furniture, & More</p><p>$14.99</p><a href="https://www.amazon.com/dp/B00UZE8C1A?tag=eloabder-20&linkCode=osi&th=1&psc=1">View Product</a></div><div class="product"><a href="https://www.amazon.com/dp/B000A8JNF0?tag=eloabder-20&linkCode=osi&th=1&psc=1"><img src="https://m.media-amazon.com/images/I/51PLChiVIrL._SL500_.jpg" alt="Product Image"></a><p>303 Products Convertible Fabric Top Cleaning and Care Kit - Cleans And Protects Fabric Tops - Includes Tonneau Cover And Convertible Top Cleaner 16 fl. oz. + Fabric Guard, (30520)</p><p>$32.79 ($1.02 / Fl Oz)</p><a href="https://www.amazon.com/dp/B000A8JNF0?tag=eloabder-20&linkCode=osi&th=1&psc=1">View Product</a></div>
<div class="product"><a href="https://www.amazon.com/dp/B0BCQ1XMWV?tag=eloabder-20&linkCode=osi&th=1&psc=1"><img src="https://m.media-amazon.com/images/I/41lV6Au-S9L._SL500_.jpg" alt="Product Image"></a><p>EMITHSUN® Windshield Wiper Blades Replacement for Honda Civic Coupe 2 Door 2005-2011,That Meet OEM Quality Front Wipers Blade Set for My Car-28"+24"(Set of 2)</p><p>$19.99</p><a href="https://www.amazon.com/dp/B0BCQ1XMWV?tag=eloabder-20&linkCode=osi&th=1&psc=1">View Product</a></div>
<div class="product"><a href="https://www.amazon.com/dp/B00I8ITVZG?tag=eloabder-20&linkCode=osi&th=1&psc=1"><img src="https://m.media-amazon.com/images/I/41TXd564pcL._SL500_.jpg" alt="Product Image"></a><p>ECOGARD XC36067 Premium Cabin Air Filter Fits Hyundai Genesis 2009-2016, Equus 2011-2016 | Genesis G80 2017-2021, G90 2019-2021, GV80 2021 | Kia K900 2020</p><p>$10.98</p><a href="https://www.amazon.com/dp/B00I8ITVZG?tag=eloabder-20&linkCode=osi&th=1&psc=1">View Product</a></div>

<div class="product"><a href="https://www.amazon.com/dp/B097C3NCP1?tag=eloabder-20&linkCode=osi&th=1&psc=1"><img src="https://m.media-amazon.com/images/I/41GXST2+s6L._SL500_.jpg" alt="Product Image"></a><p>Raidbee 12 inch Rear Wiper Blade Replacement for Toyota Corolla Hatchback 2022-2019, Nissan Versa 2019-2014 Back Windshield Wiper (H306/12-B)</p><p>$6.99</p><a href="https://www.amazon.com/dp/B097C3NCP1?tag=eloabder-20&linkCode=osi&th=1&psc=1">View Product</a></div>



<div class="product"><a href="https://www.amazon.com/dp/B0CQ4MLKHJ?tag=eloabder-20&linkCode=osi&th=1&psc=1"><img src="https://m.media-amazon.com/images/I/519f8covwQL._SL500_.jpg" alt="Product Image"></a><p>Feetiger All-in-1 Fire Extinguisher for Home, Kitchen, Car, Garage, RV, Truck, Boat, Camping, Fire Spray that Tackles Multiple Types of Fire, 2pack</p><p>$39.99</p><a href="https://www.amazon.com/dp/B0CQ4MLKHJ?tag=eloabder-20&linkCode=osi&th=1&psc=1">View Product</a></div>
<div class="product"><a href="https://www.amazon.com/dp/B07TS4JV6H?tag=eloabder-20&linkCode=osi&th=1&psc=1"><img src="https://m.media-amazon.com/images/I/412htpDd6fL._SL500_.jpg" alt="Product Image"></a><p>Police Flag Air Freshener, New Car Scent, 6-Pack</p><p>$9.99 ($1.66 / Count)</p><a href="https://www.amazon.com/dp/B07TS4JV6H?tag=eloabder-20&linkCode=osi&th=1&psc=1">View Product</a></div>


<div class="product"><a href="https://www.amazon.com/dp/B009EU5ZNO?tag=eloabder-20&linkCode=osi&th=1&psc=1"><img src="https://m.media-amazon.com/images/I/515MJLZbnoL._SL500_.jpg" alt="Product Image"></a><p>J-B Weld 50133 Plastic Bonder Structural Adhesive Syringe - Tan - 25 ml</p><p>$6.98 ($8.21 / Fl Oz)</p><a href="https://www.amazon.com/dp/B009EU5ZNO?tag=eloabder-20&linkCode=osi&th=1&psc=1">View Product</a></div>



<div class="product"><a href="https://www.amazon.com/dp/B09P6YZP72?tag=eloabder-20&linkCode=osi&th=1&psc=1"><img src="https://m.media-amazon.com/images/I/416rlvu+ayL._SL500_.jpg" alt="Product Image"></a><p>AUTOBOO 26"+20" Windshield Wipers with 16" Rear Wiper Blade Replacement for Dodge Grand Caravan 2008-2012 2013 2014 2015 2016 2017 2018 2019 -Original Factory Quality (Pack of 3)</p><p>$23.99</p><a href="https://www.amazon.com/dp/B09P6YZP72?tag=eloabder-20&linkCode=osi&th=1&psc=1">View Product</a></div><div class="product"><a href="https://www.amazon.com/dp/B0BLYQBDS8?tag=eloabder-20&linkCode=osi&th=1&psc=1"><img src="https://m.media-amazon.com/images/I/51SbpSR2zBL._SL500_.jpg" alt="Product Image"></a><p>A-Premium Engine Air Filter Compatible with Chrysler Town & Country & Dodge Grand Caravan & Ram C/V & Volkswagen Routan, 2011-2020, Flexible Panel, Replace# 4861737AA</p><p>$12.99</p><a href="https://www.amazon.com/dp/B0BLYQBDS8?tag=eloabder-20&linkCode=osi&th=1&psc=1">View Product</a></div>
<div class="product"><a href="https://www.amazon.com/dp/B001FCB4JS?tag=eloabder-20&linkCode=osi&th=1&psc=1"><img src="https://m.media-amazon.com/images/I/21wq6fxqiVL._SL500_.jpg" alt="Product Image"></a><p>Dicor BT-1834-1 Butyl Seal Tape - 1/8" x 3/4" x 30' Repair Tape for RV, Trailer, Motorhome, Window, and Vent Sealing</p><p>$13.15 ($0.44 / Foot)</p><a href="https://www.amazon.com/dp/B001FCB4JS?tag=eloabder-20&linkCode=osi&th=1&psc=1">View Product</a></div>
<div class="product"><a href="https://www.amazon.com/dp/B000BUQOD6?tag=eloabder-20&linkCode=osi&th=1&psc=1"><img src="https://m.media-amazon.com/images/I/41O0CoP1L3L._SL500_.jpg" alt="Product Image"></a><p>Camco Camper/RV Toilet Paper | Sewer-Safe, Septic-Safe & Biodegradable | Designed for Camper, Trailer & Marine Sanitation Systems | 1-Ply Tissue | 4 Toilet Paper Rolls – 280 Sheets per Roll (40275)</p><p>$5.99 ($2.14 / 100 Sheets)</p><a href="https://www.amazon.com/dp/B000BUQOD6?tag=eloabder-20&linkCode=osi&th=1&psc=1">View Product</a></div><div class="product"><a href="https://www.amazon.com/dp/B007JG1W1E?tag=eloabder-20&linkCode=osi&th=1&psc=1"><img src="https://m.media-amazon.com/images/I/41i-j99E9ML._SL500_.jpg" alt="Product Image"></a><p>Camco TST Camper / RV Grey Water Odor Control - Removes Grease Buildup in Gray Water Tank, Sink & Shower Drains - 4oz Treats 40-Gal Holding Tank - Safe Septic Tank Treatment - Lemon, 64 oz (40256)</p><p>$19.94 ($0.31 / Fl Oz)</p><a href="https://www.amazon.com/dp/B007JG1W1E?tag=eloabder-20&linkCode=osi&th=1&psc=1">View Product</a></div><div class="product"><a href="https://www.amazon.com/dp/B016V2OSD0?tag=eloabder-20&linkCode=osi&th=1&psc=1"><img src="https://m.media-amazon.com/images/I/31Jm99RYVXL._SL500_.jpg" alt="Product Image"></a><p>Camco TST MAX RV Toilet Treatment Drop-INs | Control Unwanted Odors and Break Down Waste and Tissue | Septic Tank Safe | Lavender Scent | 15-pack (41559)</p><p>$11.97 ($0.80 / Count)</p><a href="https://www.amazon.com/dp/B016V2OSD0?tag=eloabder-20&linkCode=osi&th=1&psc=1">View Product</a></div>






<div class="product"><a href="https://www.amazon.com/dp/B006GJYOL0?tag=eloabder-20&linkCode=osi&th=1&psc=1"><img src="https://m.media-amazon.com/images/I/41YPjiCzDfL._SL500_.jpg" alt="Product Image"></a><p>Boat Bling HS-0128 Hot Sauce Hard Water Spot Remover, Gallon Refill, for Boats, RVs, Powersport Vehicles and More, Black,1 Gallon</p><p>$54.95 ($0.43 / Fl Oz)</p><a href="https://www.amazon.com/dp/B006GJYOL0?tag=eloabder-20&linkCode=osi&th=1&psc=1">View Product</a></div><div class="product"><a href="https://www.amazon.com/dp/B0000AXVCB?tag=eloabder-20&linkCode=osi&th=1&psc=1"><img src="https://m.media-amazon.com/images/I/51gtsDb7zDL._SL500_.jpg" alt="Product Image"></a><p>Meguiar's M4364 Marine/RV Boat Wash - 64 Oz Container</p><p>$13.99 ($0.22 / Fl Oz)</p><a href="https://www.amazon.com/dp/B0000AXVCB?tag=eloabder-20&linkCode=osi&th=1&psc=1">View Product</a></div><div class="product"><a href="https://www.amazon.com/dp/B0007TR47G?tag=eloabder-20&linkCode=osi&th=1&psc=1"><img src="https://m.media-amazon.com/images/I/41Q4SzlVojL._SL500_.jpg" alt="Product Image"></a><p>Meguiar's Flagship Premium Marine Wax, Boat Polish and Oxidation Remover - 32 Oz Bottle</p><p>$21.49</p><a href="https://www.amazon.com/dp/B0007TR47G?tag=eloabder-20&linkCode=osi&th=1&psc=1">View Product</a></div><div class="product"><a href="https://www.amazon.com/dp/B006GJYLFY?tag=eloabder-20&linkCode=osi&th=1&psc=1"><img src="https://m.media-amazon.com/images/I/31G78TSjssL._SL500_.jpg" alt="Product Image"></a><p>Boat Bling Condition Sauce Premium Interior Moisturizer w/UV Protection, 32 oz.</p><p>$27.95</p><a href="https://www.amazon.com/dp/B006GJYLFY?tag=eloabder-20&linkCode=osi&th=1&psc=1">View Product</a></div><div class="product"><a href="https://www.amazon.com/dp/B006GJYKWI?tag=eloabder-20&linkCode=osi&th=1&psc=1"><img src="https://m.media-amazon.com/images/I/41AcDanNz-L._SL500_.jpg" alt="Product Image"></a><p>Boat Bling VS-0032 Vinyl Sauce Premium Vinyl and Leather Cleaner, 32 Oz., for Boats, RVs, Powersport Vehicles and More</p><p>$22.95 ($0.72 / Fl Oz)</p><a href="https://www.amazon.com/dp/B006GJYKWI?tag=eloabder-20&linkCode=osi&th=1&psc=1">View Product</a></div>
<div class="product"><a href="https://www.amazon.com/dp/B004OJTEKK?tag=eloabder-20&linkCode=osi&th=1&psc=1"><img src="https://m.media-amazon.com/images/I/41q8kkNiKOL._SL500_.jpg" alt="Product Image"></a><p>Shurhold Yacht Brite YBP-0302 Brite Wash - 1 Gallon</p><p>$23.97 ($0.19 / Fl Oz)</p><a href="https://www.amazon.com/dp/B004OJTEKK?tag=eloabder-20&linkCode=osi&th=1&psc=1">View Product</a></div>




<div class="product"><a href="https://www.amazon.com/dp/B0B2RDZNZB?tag=eloabder-20&linkCode=osi&th=1&psc=1"><img src="https://m.media-amazon.com/images/I/51RVSUoRuGL._SL500_.jpg" alt="Product Image"></a><p>Fancemot Helicopter Car Air Fresheners Rotating Solar Car Fresheners Airplane Car Perfume (Osmanthus & Vanilla)</p><p>$14.08</p><a href="https://www.amazon.com/dp/B0B2RDZNZB?tag=eloabder-20&linkCode=osi&th=1&psc=1">View Product</a></div><div class="product"><a href="https://www.amazon.com/dp/B0994PG1ZD?tag=eloabder-20&linkCode=osi&th=1&psc=1"><img src="https://m.media-amazon.com/images/I/413er0A8cVS._SL500_.jpg" alt="Product Image"></a><p>NICEADA Car Air Freshener, Helicopter Solar Energy Rotating Aromatherapy Aviation Al Alloy Diffuser, Interior Decoration Accessories Diffuser for Car and Home (Silver)</p><p>$23.99</p><a href="https://www.amazon.com/dp/B0994PG1ZD?tag=eloabder-20&linkCode=osi&th=1&psc=1">View Product</a></div><div class="product"><a href="https://www.amazon.com/dp/B09ZTMZKSJ?tag=eloabder-20&linkCode=osi&th=1&psc=1"><img src="https://m.media-amazon.com/images/I/41rz5PydC9L._SL500_.jpg" alt="Product Image"></a><p>Air Freshener, Gigicloud Car Fragrance Diffuser Solar Rotating Automotive Air Fresheners Ornament Helicopter Shape Solid Aromatherapy Decoration for Car and Home (Black)</p><p>$15.49</p><a href="https://www.amazon.com/dp/B09ZTMZKSJ?tag=eloabder-20&linkCode=osi&th=1&psc=1">View Product</a></div><div class="product"><a href="https://www.amazon.com/dp/B0CWNNPCD3?tag=eloabder-20&linkCode=osi&th=1&psc=1"><img src="https://m.media-amazon.com/images/I/51nznnJJhfL._SL500_.jpg" alt="Product Image"></a><p>Car Air Freshener Diffuser, KaiDengZhe 1PCS Helicopter Solar Energy Rotating Aromatherapy Aviation Al Alloy Diffuser, Car Diffuser for Essential Oils, Relieve Stress and Purifie Odors for Car and Home</p><p>$15.99</p><a href="https://www.amazon.com/dp/B0CWNNPCD3?tag=eloabder-20&linkCode=osi&th=1&psc=1">View Product</a></div><div class="product"><a href="https://www.amazon.com/dp/B0B8T47G65?tag=eloabder-20&linkCode=osi&th=1&psc=1"><img src="https://m.media-amazon.com/images/I/41d6cgVheqL._SL500_.jpg" alt="Product Image"></a><p>Joyfunky Car Air Fresheners with Solar Rotating, Creative Car Perfume Decoration, Relieve Stress and Purifie Odors, Use at Car, office and Home, Silver</p><p>$12.99</p><a href="https://www.amazon.com/dp/B0B8T47G65?tag=eloabder-20&linkCode=osi&th=1&psc=1">View Product</a></div><div class="product"><a href="https://www.amazon.com/dp/B0D4ZHJVK8?tag=eloabder-20&linkCode=osi&th=1&psc=1"><img src="https://m.media-amazon.com/images/I/41sEhsjtb4L._SL500_.jpg" alt="Product Image"></a><p>NICEADA Helicopter Solar Car Air Freshener Refill Set, Solar Essential Oil Refill Perfume Oil for Car Air Fresheners(4 Packs)</p><p>$21.99 ($24.99 / Fl Oz)</p><a href="https://www.amazon.com/dp/B0D4ZHJVK8?tag=eloabder-20&linkCode=osi&th=1&psc=1">View Product</a></div><div class="product"><a href="https://www.amazon.com/dp/B0D251XW47?tag=eloabder-20&linkCode=osi&th=1&psc=1"><img src="https://m.media-amazon.com/images/I/41x6lmNq9fL._SL500_.jpg" alt="Product Image"></a><p>Helicopter Car Air Fresheners with Solar Rotating, Creative Car Perfume Decoration, Car Airplane Fragrance Diffuser for Car, Home, Office (Silver)</p><p>$13.09</p><a href="https://www.amazon.com/dp/B0D251XW47?tag=eloabder-20&linkCode=osi&th=1&psc=1">View Product</a></div>

<div class="product"><a href="https://www.amazon.com/dp/B0D4154TQG?tag=eloabder-20&linkCode=osi&th=1&psc=1"><img src="https://m.media-amazon.com/images/I/217Iw-nO3UL._SL500_.jpg" alt="Product Image"></a><p>RV Curtain Glide Tape A115, 1/2 Inch Glides Clear RV Curtain Strip Curtain Slide Tape 72 Inches Long Use with Ceiling or Wall Mount Curtain Track A201 A202 (2 Pack)</p><p>$17.99</p><a href="https://www.amazon.com/dp/B0D4154TQG?tag=eloabder-20&linkCode=osi&th=1&psc=1">View Product</a></div>
<div class="product"><a href="https://www.amazon.com/dp/B08W4PQN8L?tag=eloabder-20&linkCode=osi&th=1&psc=1"><img src="https://m.media-amazon.com/images/I/41udmrd6QTL._SL500_.jpg" alt="Product Image"></a><p>Hot Air Balloon Novelty Air Freshener for Car - Sandalwood Scented Automotive Accessory New Mexico Souvenir Gift (Pack of 4)</p><p>$7.99 ($2.00 / Count)</p><a href="https://www.amazon.com/dp/B08W4PQN8L?tag=eloabder-20&linkCode=osi&th=1&psc=1">View Product</a></div>















<div class="product"><a href="https://www.amazon.com/dp/B0CP87K2VD?tag=eloabder-20&linkCode=osi&th=1&psc=1"><img src="https://m.media-amazon.com/images/I/41dTH4OPkcL._SL500_.jpg" alt="Product Image"></a><p>For harley air cleaner filter Touring street glide road king electra tri trike Dyna Sportster XL 883 1200 Softail air intake (Drift style -Contrast Cut, C-For Touring 08-16, Softail 16-17)</p><p>$125.00</p><a href="https://www.amazon.com/dp/B0CP87K2VD?tag=eloabder-20&linkCode=osi&th=1&psc=1">View Product</a></div><div class="product"><a href="https://www.amazon.com/dp/B08DNLNY3G?tag=eloabder-20&linkCode=osi&th=1&psc=1"><img src="https://m.media-amazon.com/images/I/51baNj3o8CL._SL500_.jpg" alt="Product Image"></a><p>2963308 HD1508 Ultra Classic Air Filter Cleaner for 2008-2014 Harley Davidson Street Glide, Electra Glide, Road King, Road Glide Custom, Ultra Classic and other select models HD-1508</p><p>$21.99</p><a href="https://www.amazon.com/dp/B08DNLNY3G?tag=eloabder-20&linkCode=osi&th=1&psc=1">View Product</a></div><div class="product"><a href="https://www.amazon.com/dp/B0CQ2KKC3N?tag=eloabder-20&linkCode=osi&th=1&psc=1"><img src="https://m.media-amazon.com/images/I/31W2a0gAwIL._SL500_.jpg" alt="Product Image"></a><p>High-Flo Replacement Air Filter Element For Ventilator - Milwaukee-Eight Engine '18-later Softail and '17-later Touring and Trike Models Equipped with 114 Air Cleaner</p><p>$39.99</p><a href="https://www.amazon.com/dp/B0CQ2KKC3N?tag=eloabder-20&linkCode=osi&th=1&psc=1">View Product</a></div><div class="product"><a href="https://www.amazon.com/dp/B0CPJ5BSGM?tag=eloabder-20&linkCode=osi&th=1&psc=1"><img src="https://m.media-amazon.com/images/I/41cUadnGKpL._SL500_.jpg" alt="Product Image"></a><p>For harley air cleaner filter sportster street road glide king for harley davidson motorcycle air intake (Nake style -Black, A-For Sportster XL models)</p><p>$169.00</p><a href="https://www.amazon.com/dp/B0CPJ5BSGM?tag=eloabder-20&linkCode=osi&th=1&psc=1">View Product</a></div><div class="product"><a href="https://www.amazon.com/dp/B0CR17NS1M?tag=eloabder-20&linkCode=osi&th=1&psc=1"><img src="https://m.media-amazon.com/images/I/41n57oM0A-L._SL500_.jpg" alt="Product Image"></a><p>For harley air cleaner filter Sportster Softail Touring street road king glide Dyna for harley davidson air intake filters (Speed 7 style -gray filter, C-For Touring 08-16, Softail 16-17)</p><p>$89.00</p><a href="https://www.amazon.com/dp/B0CR17NS1M?tag=eloabder-20&linkCode=osi&th=1&psc=1">View Product</a></div><div class="product"><a href="https://www.amazon.com/dp/B0CR167HDN?tag=eloabder-20&linkCode=osi&th=1&psc=1"><img src="https://m.media-amazon.com/images/I/41o4byfzbRL._SL500_.jpg" alt="Product Image"></a><p>For harley davidson air cleaner filter sportster Touring street glide road king electra Dyna Softail motorcycle air intake (Chromed- gray filter, C-For Touring 2008-2016)</p><p>$99.00</p><a href="https://www.amazon.com/dp/B0CR167HDN?tag=eloabder-20&linkCode=osi&th=1&psc=1">View Product</a></div>







<div class="product"><a href="https://www.amazon.com/dp/B08WH8CWDM?tag=eloabder-20&linkCode=osi&th=1&psc=1"><img src="https://m.media-amazon.com/images/I/41Jj3ouB+1L._SL500_.jpg" alt="Product Image"></a><p>Glaze 'N Seal Color Enhancer Paver Sealer, 1 Gallon (923)</p><p>$62.99</p><a href="https://www.amazon.com/dp/B08WH8CWDM?tag=eloabder-20&linkCode=osi&th=1&psc=1">View Product</a></div>

<div class="product"><a href="https://www.amazon.com/dp/B0B58G8WRX?tag=eloabder-20&linkCode=osi&th=1&psc=1"><img src="https://m.media-amazon.com/images/I/41hjxJMTGJL._SL500_.jpg" alt="Product Image"></a><p>Solarhome Air Filter 333-D2696 333D2696 Compatible with JCB Backhoe Loader 3CX 4CX Telehandler 531-70</p><p>$34.50</p><a href="https://www.amazon.com/dp/B0B58G8WRX?tag=eloabder-20&linkCode=osi&th=1&psc=1">View Product</a></div>




<div class="product"><a href="https://www.amazon.com/dp/B07G7XG6BV?tag=eloabder-20&linkCode=osi&th=1&psc=1"><img src="https://m.media-amazon.com/images/I/510tZGutn6L._SL500_.jpg" alt="Product Image"></a><p>Holikme 6Pack Cleaning Brush Power Scrubber Cleaning Brush Extended Long Attachment Set All Purpose Scrub Brushes Kit for Grout, Floor, Tub, Shower, Tile, Bathroom,Car Cleaning Brush，Yellow</p><p>$6.95</p><a href="https://www.amazon.com/dp/B07G7XG6BV?tag=eloabder-20&linkCode=osi&th=1&psc=1">View Product</a></div>



<div class="product"><a href="https://www.amazon.com/dp/B000FW2NWQ?tag=eloabder-20&linkCode=osi&th=1&psc=1"><img src="https://m.media-amazon.com/images/I/31VlBDw7uDL._SL500_.jpg" alt="Product Image"></a><p>Performance Tool W233 12-Inch Long Reach Extension Scraper with 3pc Double Edged Plastic Razor Scraper Blades and 3pc Carbon Steel Razor Scraper Blades</p><p>$10.31</p><a href="https://www.amazon.com/dp/B000FW2NWQ?tag=eloabder-20&linkCode=osi&th=1&psc=1">View Product</a></div>
<div class="product"><a href="https://www.amazon.com/dp/B0BV2CQ5SW?tag=eloabder-20&linkCode=osi&th=1&psc=1"><img src="https://m.media-amazon.com/images/I/51VkTDjGg4L._SL500_.jpg" alt="Product Image"></a><p>Filterelated Mixed Bed Deionized Di Resin Filter Fill, Suitable For Spotless Car Wash System Filter Change, Tds Filter, Aquarium Filter, Deionized Car Wash,5 Liters</p><p>$49.99</p><a href="https://www.amazon.com/dp/B0BV2CQ5SW?tag=eloabder-20&linkCode=osi&th=1&psc=1">View Product</a></div><div class="product"><a href="https://www.amazon.com/dp/B01MRVQ9UE?tag=eloabder-20&linkCode=osi&th=1&psc=1"><img src="https://m.media-amazon.com/images/I/51+i6fjU6tL._SL500_.jpg" alt="Product Image"></a><p>Husqvarna XP Pre-Mixed Fuel and Engine Oil Quart (3 Pack),Blue</p><p>$32.99 ($0.34 / Count)</p><a href="https://www.amazon.com/dp/B01MRVQ9UE?tag=eloabder-20&linkCode=osi&th=1&psc=1">View Product</a></div>




<div class="product"><a href="https://www.amazon.com/dp/B01N2G2NEJ?tag=eloabder-20&linkCode=osi&th=1&psc=1"><img src="https://m.media-amazon.com/images/I/41-5g4zEDpL._SL500_.jpg" alt="Product Image"></a><p>Chemical Guys SPI10816 Heavy Duty Water Spot Remover, Safe for Cars, Trucks, Motorcycles, RVs & More, 16 fl oz</p><p>$17.97 ($1.12 / Fl Oz)</p><a href="https://www.amazon.com/dp/B01N2G2NEJ?tag=eloabder-20&linkCode=osi&th=1&psc=1">View Product</a></div>









<div class="product"><a href="https://www.amazon.com/dp/B08YRVH2QV?tag=eloabder-20&linkCode=osi&th=1&psc=1"><img src="https://m.media-amazon.com/images/I/5164O-Jr2QL._SL500_.jpg" alt="Product Image"></a><p>Thetford AquaMAX Summer Cypress Scent RV Holding Tank Treatment, Formaldehyde Free, Waste Digester, Septic Tank Safe, 5 Gallon Bottle (96754)</p><p>$248.18</p><a href="https://www.amazon.com/dp/B08YRVH2QV?tag=eloabder-20&linkCode=osi&th=1&psc=1">View Product</a></div><div class="product"><a href="https://www.amazon.com/dp/B0BPMW7485?tag=eloabder-20&linkCode=osi&th=1&psc=1"><img src="https://m.media-amazon.com/images/I/51WNuQeew7L._SL500_.jpg" alt="Product Image"></a><p>XFasten Butyl Tape Black 1/2” x 30’ x 1/8" Butyl Sealant Tape Headlight Sealant Putty Tape | Black Butyl Caulking Tape | Butyl Tape RV Putty Tape EPDM Automotive Butyl Rubber Window Sealant for RV</p><p>$13.99 ($0.47 / Foot)</p><a href="https://www.amazon.com/dp/B0BPMW7485?tag=eloabder-20&linkCode=osi&th=1&psc=1">View Product</a></div>
<div class="product"><a href="https://www.amazon.com/dp/B006DXWZQU?tag=eloabder-20&linkCode=osi&th=1&psc=1"><img src="https://m.media-amazon.com/images/I/41wtqfFFfQL._SL500_.jpg" alt="Product Image"></a><p>FRAM Ultra Synthetic Automotive Replacement Oil Filter, Designed for Synthetic Oil Changes Lasting up to 20k Miles, XG10575 with SureGrip (Pack of 1)</p><p>$10.79</p><a href="https://www.amazon.com/dp/B006DXWZQU?tag=eloabder-20&linkCode=osi&th=1&psc=1">View Product</a></div><div class="product"><a href="https://www.amazon.com/dp/B01LH7L0XA?tag=eloabder-20&linkCode=osi&th=1&psc=1"><img src="https://m.media-amazon.com/images/I/41yD3QmbyZL._SL500_.jpg" alt="Product Image"></a><p>Shell Rotella T4 Triple Protection Conventional 15W-40 Diesel Engine Oil (1-Gallon, Single Pack)</p><p>$15.98 ($0.12 / Fl Oz)</p><a href="https://www.amazon.com/dp/B01LH7L0XA?tag=eloabder-20&linkCode=osi&th=1&psc=1">View Product</a></div><div class="product"><a href="https://www.amazon.com/dp/B00ICSWGJ0?tag=eloabder-20&linkCode=osi&th=1&psc=1"><img src="https://m.media-amazon.com/images/I/41Ahz5dVc5L._SL500_.jpg" alt="Product Image"></a><p>Castrol Edge 5W-30 Advanced Full Synthetic Motor Oil, 5 Quarts</p><p>$24.72 ($0.15 / Fl Oz)</p><a href="https://www.amazon.com/dp/B00ICSWGJ0?tag=eloabder-20&linkCode=osi&th=1&psc=1">View Product</a></div><div class="product"><a href="https://www.amazon.com/dp/B01N8RPDT8?tag=eloabder-20&linkCode=osi&th=1&psc=1"><img src="https://m.media-amazon.com/images/I/41Qm+9e8sCL._SL500_.jpg" alt="Product Image"></a><p>Motorcraft - Oil - Engine (XO10W305Q3SD)</p><p>$32.27</p><a href="https://www.amazon.com/dp/B01N8RPDT8?tag=eloabder-20&linkCode=osi&th=1&psc=1">View Product</a></div>
<div class="product"><a href="https://www.amazon.com/dp/B07FTRZLM5?tag=eloabder-20&linkCode=osi&th=1&psc=1"><img src="https://m.media-amazon.com/images/I/416uoNYOsXL._SL500_.jpg" alt="Product Image"></a><p>Chemical Guys HOL126 14-Piece Arsenal Builder Car Wash Kit with Foam Gun, Bucket, and (5) 16 oz Car Care Cleaning Chemicals, Gift for Car & Truck Lovers, Dads and DIYers (Works w/Garden Hose)</p><p>$119.99</p><a href="https://www.amazon.com/dp/B07FTRZLM5?tag=eloabder-20&linkCode=osi&th=1&psc=1">View Product</a></div><div class="product"><a href="https://www.amazon.com/dp/B0741RL23Q?tag=eloabder-20&linkCode=osi&th=1&psc=1"><img src="https://m.media-amazon.com/images/I/410wwKZBYVL._SL500_.jpg" alt="Product Image"></a><p>Chemical Guys SPI220 Total Interior Cleaner and Protectant, Safe for Cars, Trucks, SUVs, Jeeps, Motorcycles, RVs & More, 128 fl oz (1 Gallon)</p><p>$54.99 ($0.43 / Fl Oz)</p><a href="https://www.amazon.com/dp/B0741RL23Q?tag=eloabder-20&linkCode=osi&th=1&psc=1">View Product</a></div><div class="product"><a href="https://www.amazon.com/dp/B002J7VX4Y?tag=eloabder-20&linkCode=osi&th=1&psc=1"><img src="https://m.media-amazon.com/images/I/41oijnffQ0L._SL500_.jpg" alt="Product Image"></a><p>Chemical Guys AIR_101_16 New Car Smell Premium Air Freshener and Odor Eliminator, Long-Lasting Scent, Great for Cars, Trucks, SUVs, RVs & More, 16 fl oz</p><p>$10.99 ($0.69 / Fl Oz)</p><a href="https://www.amazon.com/dp/B002J7VX4Y?tag=eloabder-20&linkCode=osi&th=1&psc=1">View Product</a></div><div class="product"><a href="https://www.amazon.com/dp/B077TPG55M?tag=eloabder-20&linkCode=osi&th=1&psc=1"><img src="https://m.media-amazon.com/images/I/51aYksYRthL._SL500_.jpg" alt="Product Image"></a><p>Chemical Guys CWS20264 Tough Mudder Foaming Truck, Off Road, ATV and RV Heavy Duty Wash Soap,(Works with Foam Cannons, Foam Guns or Bucket Washes), 64 fl oz (Half Gallon), Lemon Scent</p><p>$39.99 ($0.62 / Fl Oz)</p><a href="https://www.amazon.com/dp/B077TPG55M?tag=eloabder-20&linkCode=osi&th=1&psc=1">View Product</a></div><div class="product"><a href="https://www.amazon.com/dp/B00BJCAPEE?tag=eloabder-20&linkCode=osi&th=1&psc=1"><img src="https://m.media-amazon.com/images/I/416RIPKVW1L._SL500_.jpg" alt="Product Image"></a><p>Chemical Guys CWS_402 Mr. Pink Foaming Car Wash Soap (Works with Foam Cannons, Foam Guns or Bucket Washes) Safe for Cars, Trucks, Motorcycles, RVs & More, 128 fl oz, Candy Scent</p><p>$39.99 ($0.31 / Fl Oz)</p><a href="https://www.amazon.com/dp/B00BJCAPEE?tag=eloabder-20&linkCode=osi&th=1&psc=1">View Product</a></div><div class="product"><a href="https://www.amazon.com/dp/B01C6AISUK?tag=eloabder-20&linkCode=osi&th=1&psc=1"><img src="https://m.media-amazon.com/images/I/41FrDCDPB6S._SL500_.jpg" alt="Product Image"></a><p>Chemical Guys CLD_700_16 Mat Renew Rubber + Vinyl Floor Mat Cleaner And Protectant, Safe for Cars, Trucks, SUVs, Motorcycles, RVs & More, 16 fl oz</p><p>$10.99 ($0.69 / Fl Oz)</p><a href="https://www.amazon.com/dp/B01C6AISUK?tag=eloabder-20&linkCode=osi&th=1&psc=1">View Product</a></div><div class="product"><a href="https://www.amazon.com/dp/B01N76S0A7?tag=eloabder-20&linkCode=osi&th=1&psc=1"><img src="https://m.media-amazon.com/images/I/51jurhYPCgL._SL500_.jpg" alt="Product Image"></a><p>Chemical Guys HOL131 Premium Chenille Microfiber Car Wash Mop and Heavy Duty Extendable Pole Kit (Great for RVs, Trucks, SUVs, Jeeps & Large Vehicles), With Mr. Pink Foaming Car Wash Soap - 4 fl oz</p><p>$49.99</p><a href="https://www.amazon.com/dp/B01N76S0A7?tag=eloabder-20&linkCode=osi&th=1&psc=1">View Product</a></div><div class="product"><a href="https://www.amazon.com/dp/B009OTW646?tag=eloabder-20&linkCode=osi&th=1&psc=1"><img src="https://m.media-amazon.com/images/I/41lG36UqLBL._SL500_.jpg" alt="Product Image"></a><p>Chemical Guys CWS 110 Honeydew Snow Foam Car Wash Soap (Works with Foam Cannons, Guns or Bucket Washes) Safe for Trucks, Motorcycles, RVs & More, 128 fl oz (1 Gallon), Honeydew Scent</p><p>$39.99 ($0.31 / Fl Oz)</p><a href="https://www.amazon.com/dp/B009OTW646?tag=eloabder-20&linkCode=osi&th=1&psc=1">View Product</a></div><div class="product"><a href="https://www.amazon.com/dp/B08P54Z2C2?tag=eloabder-20&linkCode=osi&th=1&psc=1"><img src="https://m.media-amazon.com/images/I/41Ra65iS2OL._SL500_.jpg" alt="Product Image"></a><p>Chemical Guys WAC23316 HydroSpeed Ceramic Quick Detailer, Safe for Cars, Trucks, SUVs, Motorcycles, RVs & More, 16 fl oz</p><p>$24.99</p><a href="https://www.amazon.com/dp/B08P54Z2C2?tag=eloabder-20&linkCode=osi&th=1&psc=1">View Product</a></div>
<div class="product"><a href="https://www.amazon.com/dp/B0C7WLPQC7?tag=eloabder-20&linkCode=osi&th=1&psc=1"><img src="https://m.media-amazon.com/images/I/41hJeSxsSWL._SL500_.jpg" alt="Product Image"></a><p>Detail King Car Odor Removal - Chlorine Dioxide Cup - Extreme Odor Eliminator For Car - Safe And Easy To Use (3 Oz (Pack of 1) - Plastic)</p><p>$24.95 ($8.32 / Ounce)</p><a href="https://www.amazon.com/dp/B0C7WLPQC7?tag=eloabder-20&linkCode=osi&th=1&psc=1">View Product</a></div>

<div class="product"><a href="https://www.amazon.com/dp/B0052XFWCG?tag=eloabder-20&linkCode=osi&th=1&psc=1"><img src="https://m.media-amazon.com/images/I/41qajeJVXLL._SL500_.jpg" alt="Product Image"></a><p>Hot Shot's Secret HSS64Z Original Stiction Eliminator 64 Fluid Ounce Bottle, Green</p><p>$53.45 ($0.84 / Fl Oz)</p><a href="https://www.amazon.com/dp/B0052XFWCG?tag=eloabder-20&linkCode=osi&th=1&psc=1">View Product</a></div><div class="product"><a href="https://www.amazon.com/dp/B009M64CAW?tag=eloabder-20&linkCode=osi&th=1&psc=1"><img src="https://m.media-amazon.com/images/I/417D8X0nkBL._SL500_.jpg" alt="Product Image"></a><p>Lucas Oil 10679 Hot Rod & Classic Car SAE 10W-30 Motor Oil - 5 Quart</p><p>$38.50 ($0.24 / Fl Oz)</p><a href="https://www.amazon.com/dp/B009M64CAW?tag=eloabder-20&linkCode=osi&th=1&psc=1">View Product</a></div><div class="product"><a href="https://www.amazon.com/dp/B01L9ARY9O?tag=eloabder-20&linkCode=osi&th=1&psc=1"><img src="https://m.media-amazon.com/images/I/51yaZAYH75L._SL500_.jpg" alt="Product Image"></a><p>FPPF Chemical Co 00161 16 OZ HOT 4-in-1 Heating Oil Treatment (2 Bottles)</p><p>$26.42</p><a href="https://www.amazon.com/dp/B01L9ARY9O?tag=eloabder-20&linkCode=osi&th=1&psc=1">View Product</a></div><div class="product"><a href="https://www.amazon.com/dp/B009M64CUM?tag=eloabder-20&linkCode=osi&th=1&psc=1"><img src="https://m.media-amazon.com/images/I/41yiWaF8YQL._SL500_.jpg" alt="Product Image"></a><p>Lucas Oil 10683 Hot Rod & Classic Car SAE 10W-40 Motor Oil - 5 Quart</p><p>$43.24 ($0.27 / Fl Oz)</p><a href="https://www.amazon.com/dp/B009M64CUM?tag=eloabder-20&linkCode=osi&th=1&psc=1">View Product</a></div><div class="product"><a href="https://www.amazon.com/dp/B0973HNRH9?tag=eloabder-20&linkCode=osi&th=1&psc=1"><img src="https://m.media-amazon.com/images/I/41kyGGJa--L._SL500_.jpg" alt="Product Image"></a><p>Hot Shot's Secret FR3 Friction Reducer 64 Fluid Ounce 2 Quarts, Light Yellow Liquid, (HSSFR364Z)</p><p>$59.73 ($0.93 / Fl Oz)</p><a href="https://www.amazon.com/dp/B0973HNRH9?tag=eloabder-20&linkCode=osi&th=1&psc=1">View Product</a></div><div class="product"><a href="https://www.amazon.com/dp/B082YFQQ25?tag=eloabder-20&linkCode=osi&th=1&psc=1"><img src="https://m.media-amazon.com/images/I/511PTX7LlZL._SL500_.jpg" alt="Product Image"></a><p>Hot Shot's Secret Green Diamond 100 Percent Synthetic 15W40 Oil Diesel 1 Gallon</p><p>$39.99 ($0.31 / Fl Oz)</p><a href="https://www.amazon.com/dp/B082YFQQ25?tag=eloabder-20&linkCode=osi&th=1&psc=1">View Product</a></div>















<div class="product"><a href="https://www.amazon.com/dp/B08PTMXCJL?tag=eloabder-20&linkCode=osi&th=1&psc=1"><img src="https://m.media-amazon.com/images/I/410eJv-7UHL._SL500_.jpg" alt="Product Image"></a><p>Moly Grease | 3% Molybdenum Disulfide | Fifth Wheel | 5th | Automotive | Tractor | Axle | Spline | CV Joint | Lithium EP Grease | High Temp | 35 LB Pail Bucket | Black Moly | NLGI 2 | HeavyDuty Moly</p><p>$174.99 ($0.31 / Ounce)</p><a href="https://www.amazon.com/dp/B08PTMXCJL?tag=eloabder-20&linkCode=osi&th=1&psc=1">View Product</a></div><div class="product"><a href="https://www.amazon.com/dp/B08PTHJTK5?tag=eloabder-20&linkCode=osi&th=1&psc=1"><img src="https://m.media-amazon.com/images/I/41VdMjJ38aL._SL500_.jpg" alt="Product Image"></a><p>Wheel Bearing Grease Pail | Lithium Complex | High Temp EP | CV Joint | Axle | Automotive | Tractor | Truck | Ball Joint | Marine Boat | Gear | Heavy Duty | Blue | 35 LB Bucket | NLGI 2 | MultiPurpose</p><p>$167.99 ($0.30 / Ounce)</p><a href="https://www.amazon.com/dp/B08PTHJTK5?tag=eloabder-20&linkCode=osi&th=1&psc=1">View Product</a></div><div class="product"><a href="https://www.amazon.com/dp/B0013J1UA6?tag=eloabder-20&linkCode=osi&th=1&psc=1"><img src="https://m.media-amazon.com/images/I/41G0Fkf7KnL._SL500_.jpg" alt="Product Image"></a><p>CRC Food Grade Chain Lube 03055 – 12 Wt. Oz. Aerosol, NSF H1 Gear, Chain, and Wire Lubricant</p><p>$19.25 ($1.60 / Ounce)</p><a href="https://www.amazon.com/dp/B0013J1UA6?tag=eloabder-20&linkCode=osi&th=1&psc=1">View Product</a></div>





<div class="product"><a href="https://www.amazon.com/dp/B08GQ9G2V5?tag=eloabder-20&linkCode=osi&th=1&psc=1"><img src="https://m.media-amazon.com/images/I/511+rapOlWL._SL500_.jpg" alt="Product Image"></a><p>Armor All Car Air Freshener and Purifier, Car Odor Eliminator, 1.5 Ounce (Pack of 3)</p><p>$21.21 ($4.71 / Ounce)</p><a href="https://www.amazon.com/dp/B08GQ9G2V5?tag=eloabder-20&linkCode=osi&th=1&psc=1">View Product</a></div>







<div class="product"><a href="https://www.amazon.com/dp/B001229JCU?tag=eloabder-20&linkCode=osi&th=1&psc=1"><img src="https://m.media-amazon.com/images/I/31W6FuKPMcL._SL500_.jpg" alt="Product Image"></a><p>First Alert EZ Fire Spray, Extinguishing Aerosol Spray, AF400 Red 18 Ounce (Pack of 1)</p><p>$12.49</p><a href="https://www.amazon.com/dp/B001229JCU?tag=eloabder-20&linkCode=osi&th=1&psc=1">View Product</a></div><div class="product"><a href="https://www.amazon.com/dp/B002U0KGDY?tag=eloabder-20&linkCode=osi&th=1&psc=1"><img src="https://m.media-amazon.com/images/I/51p6R+mcRhL._SL500_.jpg" alt="Product Image"></a><p>First Alert EZ Fire Spray, Extinguishing Aerosol Spray, Pack of 2, AF400-2, RED</p><p>$27.02</p><a href="https://www.amazon.com/dp/B002U0KGDY?tag=eloabder-20&linkCode=osi&th=1&psc=1">View Product</a></div>
<div class="product"><a href="https://www.amazon.com/dp/B0088LVBUQ?tag=eloabder-20&linkCode=osi&th=1&psc=1"><img src="https://m.media-amazon.com/images/I/31h7l-l6u2L._SL500_.jpg" alt="Product Image"></a><p>Seymour EN-59 Hi-Tech Engine Spray Paint, General Motors Red</p><p>$9.08 ($0.76 / Ounce)</p><a href="https://www.amazon.com/dp/B0088LVBUQ?tag=eloabder-20&linkCode=osi&th=1&psc=1">View Product</a></div>




<div class="product"><a href="https://www.amazon.com/dp/B000HBNU9K?tag=eloabder-20&linkCode=osi&th=1&psc=1"><img src="https://m.media-amazon.com/images/I/41URzfKaVsL._SL500_.jpg" alt="Product Image"></a><p>Permatex 27828 Body Shop Heavy Duty Headliner Adhesive, High-Strength Spray Adhesive, Repair Detached Or Loose Interior Parts, Dries Clear, Aerosol Can, 16.75 Oz</p><p>$17.05 ($1.02 / Ounce)</p><a href="https://www.amazon.com/dp/B000HBNU9K?tag=eloabder-20&linkCode=osi&th=1&psc=1">View Product</a></div><div class="product"><a href="https://www.amazon.com/dp/B001VXXEXU?tag=eloabder-20&linkCode=osi&th=1&psc=1"><img src="https://m.media-amazon.com/images/I/5112onMwzaL._SL500_.jpg" alt="Product Image"></a><p>Vibra-TITE 213 Red VC-3 Original Threadmate, 250ml Can</p><p>$99.19</p><a href="https://www.amazon.com/dp/B001VXXEXU?tag=eloabder-20&linkCode=osi&th=1&psc=1">View Product</a></div><div class="product"><a href="https://www.amazon.com/dp/B0CWPSLTR1?tag=eloabder-20&linkCode=osi&th=1&psc=1"><img src="https://m.media-amazon.com/images/I/31ytleZjjaL._SL500_.jpg" alt="Product Image"></a><p>P & S PROFESSIONAL DETAIL PRODUCTS - Terminator Enzyme Spot and Stain Remover - Perfect for Deodorizing, Removing Embedded Soils, Grease, Dirt, and Protein-Based Stains; Fresh Scent (1 Quart)</p><p>$25.95 ($0.81 / Fl Oz)</p><a href="https://www.amazon.com/dp/B0CWPSLTR1?tag=eloabder-20&linkCode=osi&th=1&psc=1">View Product</a></div><div class="product"><a href="https://www.amazon.com/dp/B07GFNQL9H?tag=eloabder-20&linkCode=osi&th=1&psc=1"><img src="https://m.media-amazon.com/images/I/41AA3Nbt8OL._SL500_.jpg" alt="Product Image"></a><p>Gunk FEB1 Foamy Engine Brite Engine Cleaner - 17oz. 2 Pack</p><p>$17.95 ($0.53 / Ounce)</p><a href="https://www.amazon.com/dp/B07GFNQL9H?tag=eloabder-20&linkCode=osi&th=1&psc=1">View Product</a></div>



<div class="product"><a href="https://www.amazon.com/dp/B003SKCARK?tag=eloabder-20&linkCode=osi&th=1&psc=1"><img src="https://m.media-amazon.com/images/I/41rvU5irgRL._SL500_.jpg" alt="Product Image"></a><p>Obenauf's Heavy Duty LP Leather Preservative (4oz)- All Natural Beeswax Oil Conditioner- Rejuvenate Restore & Preserve Sunfaded or Cracked Boots Jackets Saddles Car Auto Upholstery Furniture- USA Made</p><p>$15.99</p><a href="https://www.amazon.com/dp/B003SKCARK?tag=eloabder-20&linkCode=osi&th=1&psc=1">View Product</a></div>
Aucun résultat trouvé.

<div class="product"><a href="https://www.amazon.com/dp/B0CLWDDWHX?tag=eloabder-20&linkCode=osi&th=1&psc=1"><img src="https://m.media-amazon.com/images/I/51HPMtia03L._SL500_.jpg" alt="Product Image"></a><p>Fire Fix Fire Extinguisher for Home 5-Pack | Made in USA | Emergency Fire Spray Foam for Apartment, Boat, Camping, Car, House, Kitchen & Vehicle | Safety & Survival | Compact, Small, Safe & Easy Use</p><p>$56.95</p><a href="https://www.amazon.com/dp/B0CLWDDWHX?tag=eloabder-20&linkCode=osi&th=1&psc=1">View Product</a></div><div class="product"><a href="https://www.amazon.com/dp/B0CKZF9H3D?tag=eloabder-20&linkCode=osi&th=1&psc=1"><img src="https://m.media-amazon.com/images/I/41+Q4YdByuL._SL500_.jpg" alt="Product Image"></a><p>Firexo All Fires Fire Extinguisher - Multipurpose Mini Aerosol - Pack of 6 - Home, Kitchen, Car, Garage, Boat, Caravan, Camping Household, ABC, Vehicle, Compact, RV, Emergency Equipment (0.1 Gal)</p><p>$139.99</p><a href="https://www.amazon.com/dp/B0CKZF9H3D?tag=eloabder-20&linkCode=osi&th=1&psc=1">View Product</a></div>
Aucun résultat trouvé.
Aucun résultat trouvé.






<div class="product"><a href="https://www.amazon.com/dp/B00FOKOKMU?tag=eloabder-20&linkCode=osi&th=1&psc=1"><img src="https://m.media-amazon.com/images/I/41KsUW-6WOL._SL500_.jpg" alt="Product Image"></a><p>The Original Leather Recoloring Balm by Furniture Clinic - 16 Colors - Leather Repair Kit for Furniture - Restore Couches, Car Seats & More - Leather Dye for Scratched and Faded Leather (Beige)</p><p>$29.95</p><a href="https://www.amazon.com/dp/B00FOKOKMU?tag=eloabder-20&linkCode=osi&th=1&psc=1">View Product</a></div>


<div class="product"><a href="https://www.amazon.com/dp/B0BQX6CPLS?tag=eloabder-20&linkCode=osi&th=1&psc=1"><img src="https://m.media-amazon.com/images/I/51OtuHOIJpL._SL500_.jpg" alt="Product Image"></a><p>Dry Stop Fire Spray by Prepared Hero - 8 Pack - Portable Fire Extinguisher for Home, Car, Garage, Kitchen - Works on Electrical, Grease, Battery Fires & More - Compact, Easy to Use</p><p>$143.99</p><a href="https://www.amazon.com/dp/B0BQX6CPLS?tag=eloabder-20&linkCode=osi&th=1&psc=1">View Product</a></div><div class="product"><a href="https://www.amazon.com/dp/B0BQX76B9K?tag=eloabder-20&linkCode=osi&th=1&psc=1"><img src="https://m.media-amazon.com/images/I/51iHCSuHw5L._SL500_.jpg" alt="Product Image"></a><p>Vapor Clean Fire Spray by Prepared Hero - 8 Pack - Portable Fire Extinguisher for Home, Car, Garage, Kitchen - Works on Electrical, Grease, Battery Fires & More - Compact, Easy to Use</p><p>$143.99</p><a href="https://www.amazon.com/dp/B0BQX76B9K?tag=eloabder-20&linkCode=osi&th=1&psc=1">View Product</a></div><div class="product"><a href="https://www.amazon.com/dp/B0C32NVZJZ?tag=eloabder-20&linkCode=osi&th=1&psc=1"><img src="https://m.media-amazon.com/images/I/61coxTM3mSL._SL500_.jpg" alt="Product Image"></a><p>Houandg Water-Based Fire Extinguisher- 2 Pack Portable Solution for All Fire Types in Homes, Vehicles, Kitchens - Prevents Re-Ignition</p><p>$33.98</p><a href="https://www.amazon.com/dp/B0C32NVZJZ?tag=eloabder-20&linkCode=osi&th=1&psc=1">View Product</a></div>
<div class="product"><a href="https://www.amazon.com/dp/B00L3W1OAO?tag=eloabder-20&linkCode=osi&th=1&psc=1"><img src="https://m.media-amazon.com/images/I/414uILMLuaL._SL500_.jpg" alt="Product Image"></a><p>Pro F/X Rubber Mask Grease Wheel - 1 Ounce - Trauma</p><p>$27.01</p><a href="https://www.amazon.com/dp/B00L3W1OAO?tag=eloabder-20&linkCode=osi&th=1&psc=1">View Product</a></div>
<div class="product"><a href="https://www.amazon.com/dp/B0CZ16SHCH?tag=eloabder-20&linkCode=osi&th=1&psc=1"><img src="https://m.media-amazon.com/images/I/31pYxaz4gYL._SL500_.jpg" alt="Product Image"></a><p>P & S PROFESSIONAL DETAIL PRODUCTS - Rehab - Paint Correction Creme Safe for All Paint Types and with Multiple pad Types - Easy-to-use-Formula Works at Any Stage of Paint Correction - 1 Quart</p><p>$56.95</p><a href="https://www.amazon.com/dp/B0CZ16SHCH?tag=eloabder-20&linkCode=osi&th=1&psc=1">View Product</a></div><div class="product"><a href="https://www.amazon.com/dp/B082BG8HLX?tag=eloabder-20&linkCode=osi&th=1&psc=1"><img src="https://m.media-amazon.com/images/I/31OAXbv7QFL._SL500_.jpg" alt="Product Image"></a><p>Lithium Auto Elixirs Color Crush- A rather intense approach to an Instant Detailer, Infused with color enhancing technology - Extremely Hydrophobic ingredients, long lasting Instant Detailer</p><p>$19.95 ($1.25 / Fl Oz)</p><a href="https://www.amazon.com/dp/B082BG8HLX?tag=eloabder-20&linkCode=osi&th=1&psc=1">View Product</a></div><div class="product"><a href="https://www.amazon.com/dp/B07MTPWZ76?tag=eloabder-20&linkCode=osi&th=1&psc=1"><img src="https://m.media-amazon.com/images/I/41v5yubrqoL._SL500_.jpg" alt="Product Image"></a><p>Lithium Seal and Squeal Paint Sealant/Polish - Incredible Shine and Lasting Protection - Curable Amino Functional Polymers Fused with Si02 Ceramic Nano Technology -Lasts for up to 12 Months (16 oz)</p><p>$39.99 ($2.50 / Ounce)</p><a href="https://www.amazon.com/dp/B07MTPWZ76?tag=eloabder-20&linkCode=osi&th=1&psc=1">View Product</a></div><div class="product"><a href="https://www.amazon.com/dp/B07MVNX377?tag=eloabder-20&linkCode=osi&th=1&psc=1"><img src="https://m.media-amazon.com/images/I/31gEqFf7rhL._SL500_.jpg" alt="Product Image"></a><p>Leather Love - The Best Leather Conditioner On The Planet, Brings Old Leather Back To Life, All Natural Ingredients Mixed With Serious Science, Restores, Rehydrates, Protects (8oz)</p><p>$28.99 ($3.62 / Ounce)</p><a href="https://www.amazon.com/dp/B07MVNX377?tag=eloabder-20&linkCode=osi&th=1&psc=1">View Product</a></div><div class="product"><a href="https://www.amazon.com/dp/B07MTQP514?tag=eloabder-20&linkCode=osi&th=1&psc=1"><img src="https://m.media-amazon.com/images/I/311IYwH-oaL._SL500_.jpg" alt="Product Image"></a><p>Trim Serum- Plastic Restorer- Restores Even the Most Damaged Plastic, Rubber and Vinyl, Last For Months, Penetrates Plastic Pores Restoring Color. (16 Oz)</p><p>$36.99</p><a href="https://www.amazon.com/dp/B07MTQP514?tag=eloabder-20&linkCode=osi&th=1&psc=1">View Product</a></div><div class="product"><a href="https://www.amazon.com/dp/B07236X7TS?tag=eloabder-20&linkCode=osi&th=1&psc=1"><img src="https://m.media-amazon.com/images/I/51-mgxYD9kL._SL500_.jpg" alt="Product Image"></a><p>Skidmore's Biker Edition Leather Cream | All Natural Formula Cleans, Conditions, and Protects your Motorcycle | Made in USA</p><p>$44.98</p><a href="https://www.amazon.com/dp/B07236X7TS?tag=eloabder-20&linkCode=osi&th=1&psc=1">View Product</a></div><div class="product"><a href="https://www.amazon.com/dp/B001CS6HH4?tag=eloabder-20&linkCode=osi&th=1&psc=1"><img src="https://m.media-amazon.com/images/I/41wY0SB+DWL._SL500_.jpg" alt="Product Image"></a><p>Fiebing's Yellow Saddle Soap for Leather (3.5 oz Tin) - Leather Cleaner & Conditioner to Soften, Protect & Restore Leathercraft - Leather Soap for Car Seat, Couch, Shoe, Purse, Boot, Bag, & Saddles</p><p>$7.15 ($2.04 / Ounce)</p><a href="https://www.amazon.com/dp/B001CS6HH4?tag=eloabder-20&linkCode=osi&th=1&psc=1">View Product</a></div><div class="product"><a href="https://www.amazon.com/dp/B08RHZ1BKD?tag=eloabder-20&linkCode=osi&th=1&psc=1"><img src="https://m.media-amazon.com/images/I/21WKh31c4tL._SL500_.jpg" alt="Product Image"></a><p>Lithium Ignite After Wash - Conditions and Shines Surfaces as You Dry. Streak-Free Hydrophobic Formula adds Lubrication to Stop Micro Scratching While Surfaces pop with Color.</p><p>$21.99 ($1.37 / Fl Oz)</p><a href="https://www.amazon.com/dp/B08RHZ1BKD?tag=eloabder-20&linkCode=osi&th=1&psc=1">View Product</a></div><div class="product"><a href="https://www.amazon.com/dp/B0003A1T3E?tag=eloabder-20&linkCode=osi&th=1&psc=1"><img src="https://m.media-amazon.com/images/I/41042PKJ1ZL._SL500_.jpg" alt="Product Image"></a><p>URAD One step All-In-One Leather conditioner 140g - NEUTRAL</p><p>$16.13</p><a href="https://www.amazon.com/dp/B0003A1T3E?tag=eloabder-20&linkCode=osi&th=1&psc=1">View Product</a></div>

<div class="product"><a href="https://www.amazon.com/dp/B0B3NFH3QY?tag=eloabder-20&linkCode=osi&th=1&psc=1"><img src="https://m.media-amazon.com/images/I/51sKVZnP-WL._SL500_.jpg" alt="Product Image"></a><p>Little Joe 96427-6PK I Love Hockey New Car Scent Red Car Air Freshener A/C Vent Clip Uses Alcohol-Free Fragrance Oil is Non-Hazardous and Non-Toxic Plastic, Pack of 6</p><p>$21.99 ($3.66 / Count)</p><a href="https://www.amazon.com/dp/B0B3NFH3QY?tag=eloabder-20&linkCode=osi&th=1&psc=1">View Product</a></div><div class="product"><a href="https://www.amazon.com/dp/B072275K82?tag=eloabder-20&linkCode=osi&th=1&psc=1"><img src="https://m.media-amazon.com/images/I/41wDnF6SiAL._SL500_.jpg" alt="Product Image"></a><p>Little Joe 96404-6PK Fruit Scent, Car Air Freshener, Clips to A/C Air Vent, Alcohol-Free Fragrance Oil, Non-Hazardous and Non-Toxic Plastic, Set of 6</p><p>$16.60 ($2.77 / Count)</p><a href="https://www.amazon.com/dp/B072275K82?tag=eloabder-20&linkCode=osi&th=1&psc=1">View Product</a></div><div class="product"><a href="https://www.amazon.com/dp/B0CQPQ2S4W?tag=eloabder-20&linkCode=osi&th=1&psc=1"><img src="https://m.media-amazon.com/images/I/31iRknmvjeL._SL500_.jpg" alt="Product Image"></a><p>Little Pup 96613 Blue Raspberry Slushy Scent Car Air Freshener A/C Vent Clip Uses Alcohol-Free Fragrance Oil is Non Hazardous and Non Toxic, Pack of 1</p><p>$3.94</p><a href="https://www.amazon.com/dp/B0CQPQ2S4W?tag=eloabder-20&linkCode=osi&th=1&psc=1">View Product</a></div><div class="product"><a href="https://www.amazon.com/dp/B0CQPNMTM4?tag=eloabder-20&linkCode=osi&th=1&psc=1"><img src="https://m.media-amazon.com/images/I/41eEovL+zML._SL500_.jpg" alt="Product Image"></a><p>Little Joe 96414-6PK Orange Creamsicle Scent Car Air Freshener A/C Vent Clip Uses Alcohol-Free Fragrance Oil is Non-Hazardous and Non-Toxic Plastic, Pack of 6</p><p>$25.99 ($4.33 / Count)</p><a href="https://www.amazon.com/dp/B0CQPNMTM4?tag=eloabder-20&linkCode=osi&th=1&psc=1">View Product</a></div><div class="product"><a href="https://www.amazon.com/dp/B0CH9KNNZN?tag=eloabder-20&linkCode=osi&th=1&psc=1"><img src="https://m.media-amazon.com/images/I/41jX66PGMTL._SL500_.jpg" alt="Product Image"></a><p>TAKAVU Clay Bars Auto Detailing 2 Pack X 100g, Premium Grade Material, Magic Clay Bar Cleaner for Cars, RV, Boat and Bus (Grey)</p><p>$9.99</p><a href="https://www.amazon.com/dp/B0CH9KNNZN?tag=eloabder-20&linkCode=osi&th=1&psc=1">View Product</a></div>

<div class="product"><a href="https://www.amazon.com/dp/B004UM6DLE?tag=eloabder-20&linkCode=osi&th=1&psc=1"><img src="https://m.media-amazon.com/images/I/314nawyx6sL._SL500_.jpg" alt="Product Image"></a><p>CARPRO IronX Iron Remover: Stops Rust Spots and Pre-Mature Failure of The Clear Coat, Iron Contaminant Removal - 500mL with Sprayer (17oz)</p><p>$26.78</p><a href="https://www.amazon.com/dp/B004UM6DLE?tag=eloabder-20&linkCode=osi&th=1&psc=1">View Product</a></div><div class="product"><a href="https://www.amazon.com/dp/B01HXZXO98?tag=eloabder-20&linkCode=osi&th=1&psc=1"><img src="https://m.media-amazon.com/images/I/41Ne9OfQGzL._SL500_.jpg" alt="Product Image"></a><p>Chemical Guys CWS80316 Clean Slate Deep Surface Cleaning Car Wash Soap (Removes Old Car Waxes, Glazes & Sealants for Superior Surface Prep), 16 fl oz, Citrus Scent</p><p>$11.99 ($0.75 / Fl Oz)</p><a href="https://www.amazon.com/dp/B01HXZXO98?tag=eloabder-20&linkCode=osi&th=1&psc=1">View Product</a></div><div class="product"><a href="https://www.amazon.com/dp/B07C39H9YX?tag=eloabder-20&linkCode=osi&th=1&psc=1"><img src="https://m.media-amazon.com/images/I/31yK3Vb5xWL._SL500_.jpg" alt="Product Image"></a><p>Adam's Polishes Iron Remover (16oz) - Iron Out Fallout Rust Remover Spray for Car Detailing | Remove Iron Particles in Car Paint, Motorcycle, RV & Boat | Use Before Clay Bar, Car Wax or Car Wash</p><p>$16.99</p><a href="https://www.amazon.com/dp/B07C39H9YX?tag=eloabder-20&linkCode=osi&th=1&psc=1">View Product</a></div><div class="product"><a href="https://www.amazon.com/dp/B0BTJ9DJM5?tag=eloabder-20&linkCode=osi&th=1&psc=1"><img src="https://m.media-amazon.com/images/I/41tNMqlDrxL._SL500_.jpg" alt="Product Image"></a><p>Torque Detail Decon Wash Pack - Decontamination Soap 8oz + Wash Mitt - Surface Strip Wash Car Shampoo - Highly Absorbent Microfiber Chenille Car Wash Mitt Safely Cleans Your Vehicles Entire Surface</p><p>$24.95 ($3.12 / Fl Oz)</p><a href="https://www.amazon.com/dp/B0BTJ9DJM5?tag=eloabder-20&linkCode=osi&th=1&psc=1">View Product</a></div><div class="product"><a href="https://www.amazon.com/dp/B013K5V9PQ?tag=eloabder-20&linkCode=osi&th=1&psc=1"><img src="https://m.media-amazon.com/images/I/41V3rm6NlZL._SL500_.jpg" alt="Product Image"></a><p>CARPRO PolyShave Decon Towel - Car Detailing Clay Decontamination Faster than Clay Bar, Clean & Release of Paint Contaminants and Glass - Increase Wax and Sealant Bond - 12" x 12" (1 Pack)</p><p>$39.97</p><a href="https://www.amazon.com/dp/B013K5V9PQ?tag=eloabder-20&linkCode=osi&th=1&psc=1">View Product</a></div><div class="product"><a href="https://www.amazon.com/dp/B0B788NBWG?tag=eloabder-20&linkCode=osi&th=1&psc=1"><img src="https://m.media-amazon.com/images/I/51NDfAOuEmL._SL500_.jpg" alt="Product Image"></a><p>P & S Professional Detail Products - Clay Decontamination Towel - Effective Cleaning & Release of Paint Contaminants; Increase Wax & Sealant Bond; Enhance Gloss & Depth of Color; Fine Grade-12" x 12"</p><p>$34.95</p><a href="https://www.amazon.com/dp/B0B788NBWG?tag=eloabder-20&linkCode=osi&th=1&psc=1">View Product</a></div><div class="product"><a href="https://www.amazon.com/dp/B0B27TFK69?tag=eloabder-20&linkCode=osi&th=1&psc=1"><img src="https://m.media-amazon.com/images/I/41zJPQIcqeL._SL500_.jpg" alt="Product Image"></a><p>The Rag Company - Ultra Clay Decontamination Mitt - Easy to Use; Effective Cleaning & Release of Paint Contaminants; Increase Wax & Sealant Bond; Enhance Gloss &Color Depth; Fine Grade (8.7"x5.7")</p><p>$34.95</p><a href="https://www.amazon.com/dp/B0B27TFK69?tag=eloabder-20&linkCode=osi&th=1&psc=1">View Product</a></div><div class="product"><a href="https://www.amazon.com/dp/B0C6XBN14N?tag=eloabder-20&linkCode=osi&th=1&psc=1"><img src="https://m.media-amazon.com/images/I/31BSavOJ89L._SL500_.jpg" alt="Product Image"></a><p>3D Iron Remover GLW Series | DIY Car Detailing | Hyper Effective Wheel Decontamination | Removes Iron Particles, Dirt, Brake Dust | Rapid Results | Ultimate Iron & Surface Contaminate Eliminator, 16oz</p><p>$17.99</p><a href="https://www.amazon.com/dp/B0C6XBN14N?tag=eloabder-20&linkCode=osi&th=1&psc=1">View Product</a></div>







<div class="product"><a href="https://www.amazon.com/dp/B0D2SPCW3G?tag=eloabder-20&linkCode=osi&th=1&psc=1"><img src="https://m.media-amazon.com/images/I/41JYIg6xqqL._SL500_.jpg" alt="Product Image"></a><p>Crankcase Ventilation Oil Separator with Gasket Compatible for 2008-2014 Volvo Mack D13 D16 MP8 Engine Replace 21122541 20499419</p><p>$155.99</p><a href="https://www.amazon.com/dp/B0D2SPCW3G?tag=eloabder-20&linkCode=osi&th=1&psc=1">View Product</a></div>

<div class="product"><a href="https://www.amazon.com/dp/B0C6M2FHGX?tag=eloabder-20&linkCode=osi&th=1&psc=1"><img src="https://m.media-amazon.com/images/I/21wWRrpHdbL._SL500_.jpg" alt="Product Image"></a><p>eMagTech 9PCS Warning Sign Please No Smoking Vaping Food Drink Stickers 110x50mm Self-Adhesive Vinyl Window Decal for Car Taxis Buses Minibuses</p><p>$9.49</p><a href="https://www.amazon.com/dp/B0C6M2FHGX?tag=eloabder-20&linkCode=osi&th=1&psc=1">View Product</a></div>

Aucun résultat trouvé.

<div class="product"><a href="https://www.amazon.com/dp/B0CVWZZMRY?tag=eloabder-20&linkCode=osi&th=1&psc=1"><img src="https://m.media-amazon.com/images/I/512y-1GwQNL._SL500_.jpg" alt="Product Image"></a><p>Jewkot 4 PCS Car Wiper Strip, 28" Boneless Structure Car Windshield Cleaning Wiper Strip, DIY Length Auxiliary Cleaning Replacement Accessory, Suitable for Most Cars, Vans, Trucks, Buses (Black)</p><p>$5.58</p><a href="https://www.amazon.com/dp/B0CVWZZMRY?tag=eloabder-20&linkCode=osi&th=1&psc=1">View Product</a></div>
<div class="product"><a href="https://www.amazon.com/dp/B07L3VQC6W?tag=eloabder-20&linkCode=osi&th=1&psc=1"><img src="https://m.media-amazon.com/images/I/41GebP+2HYL._SL500_.jpg" alt="Product Image"></a><p>BRISA VW Collection Volkswagen Air Freshener, Room Freshener, Deodorizer for Cars T1 Bus Campervan Motif (Citrus/Yellow/Set of 2)</p><p>$13.90 ($6.95 / Count)</p><a href="https://www.amazon.com/dp/B07L3VQC6W?tag=eloabder-20&linkCode=osi&th=1&psc=1">View Product</a></div><div class="product"><a href="https://www.amazon.com/dp/B07L3V86JS?tag=eloabder-20&linkCode=osi&th=1&psc=1"><img src="https://m.media-amazon.com/images/I/41TblWhKhQL._SL500_.jpg" alt="Product Image"></a><p>BRISA VW Collection Volkswagen Air Freshener, Room Freshener, Deodorizer for Cars T1 Bus Campervan Motif (New Car/Green/Set of 2)</p><p>$13.90 ($6.95 / Count)</p><a href="https://www.amazon.com/dp/B07L3V86JS?tag=eloabder-20&linkCode=osi&th=1&psc=1">View Product</a></div>


Aucun résultat trouvé.










<div class="product"><a href="https://www.amazon.com/dp/B099HL5SV2?tag=eloabder-20&linkCode=osi&th=1&psc=1"><img src="https://m.media-amazon.com/images/I/31kcR8HnylL._SL500_.jpg" alt="Product Image"></a><p>Philips GoPure GP5212 High Performance HEPA Air Purifier for Car, Removes up to 100 Pollutants, Exhaust Fumes, VOCs, Smoke, Bad Odors, Bacteria and Viruses</p><p>$77.59</p><a href="https://www.amazon.com/dp/B099HL5SV2?tag=eloabder-20&linkCode=osi&th=1&psc=1">View Product</a></div><div class="product"><a href="https://www.amazon.com/dp/B07TB419F7?tag=eloabder-20&linkCode=osi&th=1&psc=1"><img src="https://m.media-amazon.com/images/I/41l9XK-u-eL._SL500_.jpg" alt="Product Image"></a><p>Enoch Ionic Car Air Purifier with Dual USB Car Charger. Car Air Freshener Eliminates Odor, Dust. Removes Smoke, Pet and Food Odor. Ionic Ozone Car Deodorizer (Matt Black)</p><p>$24.50</p><a href="https://www.amazon.com/dp/B07TB419F7?tag=eloabder-20&linkCode=osi&th=1&psc=1">View Product</a></div><div class="product"><a href="https://www.amazon.com/dp/B08C9LKKMM?tag=eloabder-20&linkCode=osi&th=1&psc=1"><img src="https://m.media-amazon.com/images/I/41uJDRzxfrL._SL500_.jpg" alt="Product Image"></a><p>4WDKING Car Air Purifier Ionizer, 12V Plug-in Car Air Freshener Gadgets with Dual USB Charger Removes Cigarette Smoke, Pet and Food Odor, Ionic Ozone (Black)</p><p>$22.99</p><a href="https://www.amazon.com/dp/B08C9LKKMM?tag=eloabder-20&linkCode=osi&th=1&psc=1">View Product</a></div><div class="product"><a href="https://www.amazon.com/dp/B07C7D366L?tag=eloabder-20&linkCode=osi&th=1&psc=1"><img src="https://m.media-amazon.com/images/I/51GvjMcOskL._SL500_.jpg" alt="Product Image"></a><p>Car Air Purifier Ionizer - 12V Plug-in Ionic Anti-Microbial Car Deodorizer with Dual USB Charger - Smoke Smell, Pet and Food Odors, Allergens, Viruses Eliminator for Car (Matte Silver)</p><p>$24.99</p><a href="https://www.amazon.com/dp/B07C7D366L?tag=eloabder-20&linkCode=osi&th=1&psc=1">View Product</a></div><div class="product"><a href="https://www.amazon.com/dp/B086H3FW7T?tag=eloabder-20&linkCode=osi&th=1&psc=1"><img src="https://m.media-amazon.com/images/I/51FfQTz4koL._SL500_.jpg" alt="Product Image"></a><p>bmbu 1000g Large Bamboo Charcoal Air Purifier Bag - Car Deodorizer/Car Freshener - Remove Odor and Control Moisture in Your RV, Camper, SUV, Car, Truck, Closet, Mobile Home, Storage - Non Fragrant</p><p>$22.99 ($0.65 / Ounce)</p><a href="https://www.amazon.com/dp/B086H3FW7T?tag=eloabder-20&linkCode=osi&th=1&psc=1">View Product</a></div><div class="product"><a href="https://www.amazon.com/dp/B019NXUJ5K?tag=eloabder-20&linkCode=osi&th=1&psc=1"><img src="https://m.media-amazon.com/images/I/31grLw6pdUL._SL500_.jpg" alt="Product Image"></a><p>PURGGO Car Air Freshener - Lasts 365+ Days No Chemicals 100% Activated Bamboo Charcoal Fragrance-Free Deodorizer, Natural Auto Odor Eliminator, Purifier, Neutralizer, Absorb Smoke Smell</p><p>$25.99</p><a href="https://www.amazon.com/dp/B019NXUJ5K?tag=eloabder-20&linkCode=osi&th=1&psc=1">View Product</a></div><div class="product"><a href="https://www.amazon.com/dp/B0CT5TBKH5?tag=eloabder-20&linkCode=osi&th=1&psc=1"><img src="https://m.media-amazon.com/images/I/41UB7n6FuwL._SL500_.jpg" alt="Product Image"></a><p>Timgle 1 Pack Car Air Freshener, Lasts 365+ Days, No Chemicals 100% Activated Bamboo Charcoal Fragrance, Free Deodorizer, Natural Auto Odor Eliminator, Purifier, Neutralizer (Khaki Strap)</p><p>$10.99</p><a href="https://www.amazon.com/dp/B0CT5TBKH5?tag=eloabder-20&linkCode=osi&th=1&psc=1">View Product</a></div><div class="product"><a href="https://www.amazon.com/dp/B00V4049K2?tag=eloabder-20&linkCode=osi&th=1&psc=1"><img src="https://m.media-amazon.com/images/I/51rLLMGOc6L._SL500_.jpg" alt="Product Image"></a><p>PURGGO Car Air Freshener - Auto Odor Eliminator - 100% Activated Bamboo Charcoal Air Purifier, Ionizer - Absorb and Remove Smoke Smell - Fragrance-Free Deodorizer - Lasts 365+ Days [Classic Beige]</p><p>$25.99</p><a href="https://www.amazon.com/dp/B00V4049K2?tag=eloabder-20&linkCode=osi&th=1&psc=1">View Product</a></div>








<div class="product"><a href="https://www.amazon.com/dp/B00RYGK12K?tag=eloabder-20&linkCode=osi&th=1&psc=1"><img src="https://m.media-amazon.com/images/I/51RdEyCkvuL._SL500_.jpg" alt="Product Image"></a><p>Little Trees Cardboard Hanging Car, Home & Office Air Freshener, Summer Linen (Pack of 12)</p><p>$11.82 ($0.98 / Count)</p><a href="https://www.amazon.com/dp/B00RYGK12K?tag=eloabder-20&linkCode=osi&th=1&psc=1">View Product</a></div><div class="product"><a href="https://www.amazon.com/dp/B00LM54ZD0?tag=eloabder-20&linkCode=osi&th=1&psc=1"><img src="https://m.media-amazon.com/images/I/41YuRNweefL._SL500_.jpg" alt="Product Image"></a><p>LITTLE TREES Air Fresheners Car Air Freshener. Hanging Tree Provides Long Lasting Scent for Auto or Home. Black Ice, 24 Air Fresheners</p><p>$20.19 ($0.84 / Count)</p><a href="https://www.amazon.com/dp/B00LM54ZD0?tag=eloabder-20&linkCode=osi&th=1&psc=1">View Product</a></div><div class="product"><a href="https://www.amazon.com/dp/B09BB4V1Y8?tag=eloabder-20&linkCode=osi&th=1&psc=1"><img src="https://m.media-amazon.com/images/I/51AKMdDLO-L._SL500_.jpg" alt="Product Image"></a><p>DRIVEJOY Car Air Freshener Vent Clips, 8 PK, 6 Ocean, 2 New Car Scent, Car Fresheners for Men Women, Up to 240 Days, Long Lasting Air Freshener for Car, Odor Eliminator</p><p>$9.98 ($9.60 / Fl Oz)</p><a href="https://www.amazon.com/dp/B09BB4V1Y8?tag=eloabder-20&linkCode=osi&th=1&psc=1">View Product</a></div><div class="product"><a href="https://www.amazon.com/dp/B078JWRLYT?tag=eloabder-20&linkCode=osi&th=1&psc=1"><img src="https://m.media-amazon.com/images/I/41shbIl-LEL._SL500_.jpg" alt="Product Image"></a><p>California Scents Air Freshener 4-Pack Car Air Freshener (Coronado Cherry)</p><p>$12.88 ($2.15 / Ounce)</p><a href="https://www.amazon.com/dp/B078JWRLYT?tag=eloabder-20&linkCode=osi&th=1&psc=1">View Product</a></div><div class="product"><a href="https://www.amazon.com/dp/B0CW4CJWW9?tag=eloabder-20&linkCode=osi&th=1&psc=1"><img src="https://m.media-amazon.com/images/I/417lKQ0MXPL._SL500_.jpg" alt="Product Image"></a><p>Karma, Essential Oil Air Freshener for Cars Set of 2, Home & Office - Colorful Decorative Hanging Air Freshener with Tassel, Buttercup Vanilla Scented</p><p>$8.40 ($4.20 / Count)</p><a href="https://www.amazon.com/dp/B0CW4CJWW9?tag=eloabder-20&linkCode=osi&th=1&psc=1">View Product</a></div><div class="product"><a href="https://www.amazon.com/dp/B00AYCXL2I?tag=eloabder-20&linkCode=osi&th=1&psc=1"><img src="https://m.media-amazon.com/images/I/5165h10nKbL._SL500_.jpg" alt="Product Image"></a><p>Febreze Car Air Fresheners, New Car Scent, Odor Eliminator for Strong Odors Car Vent Clips (2 Count)</p><p>$9.98 ($4.99 / Count)</p><a href="https://www.amazon.com/dp/B00AYCXL2I?tag=eloabder-20&linkCode=osi&th=1&psc=1">View Product</a></div><div class="product"><a href="https://www.amazon.com/dp/B01LZ0N1MJ?tag=eloabder-20&linkCode=osi&th=1&psc=1"><img src="https://m.media-amazon.com/images/I/41J5LJGof9L._SL500_.jpg" alt="Product Image"></a><p>LITTLE TREES Car Air Freshener | Hanging Paper Tree for Home or Car | New Car Scent | 12 Pack</p><p>$11.70 ($0.98 / Count)</p><a href="https://www.amazon.com/dp/B01LZ0N1MJ?tag=eloabder-20&linkCode=osi&th=1&psc=1">View Product</a></div><div class="product"><a href="https://www.amazon.com/dp/B0C2Q2VGPZ?tag=eloabder-20&linkCode=osi&th=1&psc=1"><img src="https://m.media-amazon.com/images/I/413gckSL1EL._SL500_.jpg" alt="Product Image"></a><p>Savage Disposable Card Freshener for Men | Car Scents Air Freshener with Sauvage Fragrance | Strong Car Perfume Air Freshener with Odour Eliminating Technology | Suvage by Perfa</p><p>$6.99</p><a href="https://www.amazon.com/dp/B0C2Q2VGPZ?tag=eloabder-20&linkCode=osi&th=1&psc=1">View Product</a></div>




<div class="product"><a href="https://www.amazon.com/dp/B06WVL7YSG?tag=eloabder-20&linkCode=osi&th=1&psc=1"><img src="https://m.media-amazon.com/images/I/51fO0NuM6nL._SL500_.jpg" alt="Product Image"></a><p>Meguiar's Quik Scratch Eraser Kit, Car Scratch Remover for Repairing Surface Blemishes, Car Care Kit with ScratchX, Drill-Mounted Pad, and Microfiber Towel, 3 Count</p><p>$17.97</p><a href="https://www.amazon.com/dp/B06WVL7YSG?tag=eloabder-20&linkCode=osi&th=1&psc=1">View Product</a></div><div class="product"><a href="https://www.amazon.com/dp/B00P67GSRG?tag=eloabder-20&linkCode=osi&th=1&psc=1"><img src="https://m.media-amazon.com/images/I/41R-vt8tcnL._SL500_.jpg" alt="Product Image"></a><p>Chemical Guys GAP_VKIT_16 V Line Polish and Compound Kit For Light to Heavy Swirls & Scratches (Safe for Cars, Trucks, SUVs, RVs, Motorcycles, & More) 4 - 16 fl oz Items</p><p>$69.99</p><a href="https://www.amazon.com/dp/B00P67GSRG?tag=eloabder-20&linkCode=osi&th=1&psc=1">View Product</a></div>
<div class="product"><a href="https://www.amazon.com/dp/B0BQ1CPLSQ?tag=eloabder-20&linkCode=osi&th=1&psc=1"><img src="https://m.media-amazon.com/images/I/41ikSNNgp5L._SL500_.jpg" alt="Product Image"></a><p>PROPER DETAILING CO. Car Detailing Kit Interior Cleaner, Get Professional Results - Car Interior Cleaning Kit includes 16 oz. interior cleaner, premium boars hair detail brush, and 2 microfiber towels</p><p>$23.99</p><a href="https://www.amazon.com/dp/B0BQ1CPLSQ?tag=eloabder-20&linkCode=osi&th=1&psc=1">View Product</a></div>






<div class="product"><a href="https://www.amazon.com/dp/B004VG6SWS?tag=eloabder-20&linkCode=osi&th=1&psc=1"><img src="https://m.media-amazon.com/images/I/31M54KTIo2L._SL500_.jpg" alt="Product Image"></a><p>3M Scotchgard Clear Paint Protection Bulk Film Roll 12-by-72-inches</p><p>$38.00</p><a href="https://www.amazon.com/dp/B004VG6SWS?tag=eloabder-20&linkCode=osi&th=1&psc=1">View Product</a></div><div class="product"><a href="https://www.amazon.com/dp/B073X7WF5J?tag=eloabder-20&linkCode=osi&th=1&psc=1"><img src="https://m.media-amazon.com/images/I/41PIPchJvFL._SL500_.jpg" alt="Product Image"></a><p>VViViD 3M Clear Paint Protection Vinyl Film 6 Inch x 25 Inch</p><p>$9.99</p><a href="https://www.amazon.com/dp/B073X7WF5J?tag=eloabder-20&linkCode=osi&th=1&psc=1">View Product</a></div>

<div class="product"><a href="https://www.amazon.com/dp/B09VLKQY83?tag=eloabder-20&linkCode=osi&th=1&psc=1"><img src="https://m.media-amazon.com/images/I/41HrqrTIGUL._SL500_.jpg" alt="Product Image"></a><p>Charcoal 2PLY Nano Ceramic 20% VLT Car Tint 36 in x 25 FT Professional Window Tint Heat, UV 99%, and IRR 85% to 90% Tint for Cars or Building Adhesive Film Easy Shrink, Plotter Friendly</p><p>$56.95 ($0.76 / Sq Ft)</p><a href="https://www.amazon.com/dp/B09VLKQY83?tag=eloabder-20&linkCode=osi&th=1&psc=1">View Product</a></div><div class="product"><a href="https://www.amazon.com/dp/B000CAM2ZO?tag=eloabder-20&linkCode=osi&th=1&psc=1"><img src="https://m.media-amazon.com/images/I/31zB99KwKWL._SL500_.jpg" alt="Product Image"></a><p>Black Magic 5060107 Professional Anti-Heat Layer Tint Film, 5% VLT, 24-Inches x 78-Inches</p><p>$20.26 ($1.56 / Sq Ft)</p><a href="https://www.amazon.com/dp/B000CAM2ZO?tag=eloabder-20&linkCode=osi&th=1&psc=1">View Product</a></div>

<div class="product"><a href="https://www.amazon.com/dp/B081T7N948?tag=eloabder-20&linkCode=osi&th=1&psc=1"><img src="https://m.media-amazon.com/images/I/41q0eWfEB3L._SL500_.jpg" alt="Product Image"></a><p>PULIDIKI Car Cleaning Gel Universal Detailing Kit Automotive Dust Car Crevice Cleaner Slime Auto Air Vent Interior Detail Removal for Car Putty Cleaning Keyboard Cleaner Car Accessories Blue</p><p>$5.94</p><a href="https://www.amazon.com/dp/B081T7N948?tag=eloabder-20&linkCode=osi&th=1&psc=1">View Product</a></div><div class="product"><a href="https://www.amazon.com/dp/B0CRKX3D9J?tag=eloabder-20&linkCode=osi&th=1&psc=1"><img src="https://m.media-amazon.com/images/I/51aymO4P7aL._SL500_.jpg" alt="Product Image"></a><p>PULIDIKI Car Cleaning Gel for Car Cleaning Putty Car Putty Auto Detailing Tools Car Slime Cleaner Dust Cleaning Gel for Car Interior Cleaner Car Accessories Keyboard Cleaner Blue (2Pack)</p><p>$9.99</p><a href="https://www.amazon.com/dp/B0CRKX3D9J?tag=eloabder-20&linkCode=osi&th=1&psc=1">View Product</a></div><div class="product"><a href="https://www.amazon.com/dp/B0988X73FW?tag=eloabder-20&linkCode=osi&th=1&psc=1"><img src="https://m.media-amazon.com/images/I/51qQkFSZAIL._SL500_.jpg" alt="Product Image"></a><p>TICARVE Car Cleaning Gel Detailing Putty Car Putty Auto Detailing Tools Car Interior Cleaner Cleaning Slime Car Accessories Keyboard Cleaner Rose/NT WT: 5.6 oz (160 gr)</p><p>$6.98</p><a href="https://www.amazon.com/dp/B0988X73FW?tag=eloabder-20&linkCode=osi&th=1&psc=1">View Product</a></div><div class="product"><a href="https://www.amazon.com/dp/B08RDNV8KQ?tag=eloabder-20&linkCode=osi&th=1&psc=1"><img src="https://m.media-amazon.com/images/I/51DwR48ghvL._SL500_.jpg" alt="Product Image"></a><p>TICARVE Cleaning Gel for Car Detailing Car Vent Cleaner Cleaning Putty Gel Auto Car Interior Cleaner Dust Cleaning Mud for Cars and Keyboard Cleaner Cleaning Slime Purple</p><p>$6.99</p><a href="https://www.amazon.com/dp/B08RDNV8KQ?tag=eloabder-20&linkCode=osi&th=1&psc=1">View Product</a></div><div class="product"><a href="https://www.amazon.com/dp/B07SBNH48K?tag=eloabder-20&linkCode=osi&th=1&psc=1"><img src="https://m.media-amazon.com/images/I/51MyrDaYquL._SL500_.jpg" alt="Product Image"></a><p>COLORCORAL Cleaning Gel for Car Universal Gel Cleaner Auto Detailing Car Vent Keyboard Cleaning Putty Car Interior Cleaner Dashboard Dust Remover Putty Auto Duster Cleaning Kit 160G</p><p>$6.99</p><a href="https://www.amazon.com/dp/B07SBNH48K?tag=eloabder-20&linkCode=osi&th=1&psc=1">View Product</a></div><div class="product"><a href="https://www.amazon.com/dp/B0D1CB8RP2?tag=eloabder-20&linkCode=osi&th=1&psc=1"><img src="https://m.media-amazon.com/images/I/51MPeMNItzL._SL500_.jpg" alt="Product Image"></a><p>ALIOBC Car Cleaning Gel, Keyboard Cleaner Cleaning Putty for Car Interior Car Slime Cleaner Dust Cleaning Gel Car Putty for Cleaning Car Gel Cleaner Blue NT.WT.: 5.6 oz (160 g)</p><p>$6.99</p><a href="https://www.amazon.com/dp/B0D1CB8RP2?tag=eloabder-20&linkCode=osi&th=1&psc=1">View Product</a></div><div class="product"><a href="https://www.amazon.com/dp/B09995RLLH?tag=eloabder-20&linkCode=osi&th=1&psc=1"><img src="https://m.media-amazon.com/images/I/51hASKz7MnL._SL500_.jpg" alt="Product Image"></a><p>TICARVE 2Pack Cleaning Gel for Car Cleaning Putty Car Slime for Cleaning Car Detailing Putty Detail Tools Car Interior Cleaner Automotive Car Cleaning Kits Keyboard Cleaner Blue Purple (320g/11.2oz)</p><p>$7.99</p><a href="https://www.amazon.com/dp/B09995RLLH?tag=eloabder-20&linkCode=osi&th=1&psc=1">View Product</a></div><div class="product"><a href="https://www.amazon.com/dp/B0D6X5K8CY?tag=eloabder-20&linkCode=osi&th=1&psc=1"><img src="https://m.media-amazon.com/images/I/51C3FExB5RL._SL500_.jpg" alt="Product Image"></a><p>Dust Away Universal Car Cleaning Gel Automotive Detail Putty Crevice Cleaning Slime for Air Vents Interiors Keyboards Laptops & Electronics Versatile Home & Office Accessories Fresh Scent (Lime Green)</p><p>$5.88</p><a href="https://www.amazon.com/dp/B0D6X5K8CY?tag=eloabder-20&linkCode=osi&th=1&psc=1">View Product</a></div>


<div class="product"><a href="https://www.amazon.com/dp/B0BB9M5TSP?tag=eloabder-20&linkCode=osi&th=1&psc=1"><img src="https://m.media-amazon.com/images/I/51NEhgC0fNL._SL500_.jpg" alt="Product Image"></a><p>Ouzorp Car Wheel Scratch repair Rim Touch Up Paint Rim Scratch Repair Pen Quick And Easy Wheel（silver）</p><p>$10.99 ($15.48 / Fl Oz)</p><a href="https://www.amazon.com/dp/B0BB9M5TSP?tag=eloabder-20&linkCode=osi&th=1&psc=1">View Product</a></div>




<div class="product"><a href="https://www.amazon.com/dp/B0D464228M?tag=eloabder-20&linkCode=osi&th=1&psc=1"><img src="https://m.media-amazon.com/images/I/315VtBe9l-L._SL500_.jpg" alt="Product Image"></a><p>Drift Car Air Freshener - Wood Air Freshener - Car Odor Eliminator - Open Air Scent Starter Kit</p><p>$11.95</p><a href="https://www.amazon.com/dp/B0D464228M?tag=eloabder-20&linkCode=osi&th=1&psc=1">View Product</a></div>
<div class="product"><a href="https://www.amazon.com/dp/B071HR14SJ?tag=eloabder-20&linkCode=osi&th=1&psc=1"><img src="https://m.media-amazon.com/images/I/41crypCefDL._SL500_.jpg" alt="Product Image"></a><p>Meguiar's Gold Class Car Wash Soap, Ultra-Rich Car Wash Soap and Conditioner for Car Cleaning, Car Wash Soap to Clean and Condition in One Easy Step, 1 Gallon Car Wash Soap</p><p>$24.99 ($0.20 / Ounce)</p><a href="https://www.amazon.com/dp/B071HR14SJ?tag=eloabder-20&linkCode=osi&th=1&psc=1">View Product</a></div><div class="product"><a href="https://www.amazon.com/dp/B085R9L9Q9?tag=eloabder-20&linkCode=osi&th=1&psc=1"><img src="https://m.media-amazon.com/images/I/41tAv1FNbZL._SL500_.jpg" alt="Product Image"></a><p>Armor All Extreme Shield Protectant Spray , Interior Car Cleaner with UV Protection Against Cracking and Fading, 16 Fl Oz</p><p>$8.98 ($0.56 / Fl Oz)</p><a href="https://www.amazon.com/dp/B085R9L9Q9?tag=eloabder-20&linkCode=osi&th=1&psc=1">View Product</a></div><div class="product"><a href="https://www.amazon.com/dp/B016NA9Y4S?tag=eloabder-20&linkCode=osi&th=1&psc=1"><img src="https://m.media-amazon.com/images/I/31oz8VJFdjL._SL500_.jpg" alt="Product Image"></a><p>Rain-X 5079281-2 Latitude 2-In-1 Wiper Blades, 26 Inch Windshield Wipers (Pack Of 1), Automotive Replacement Windshield Wiper Blades With Patented Rain-X Water Repellency Formula</p><p>$17.08</p><a href="https://www.amazon.com/dp/B016NA9Y4S?tag=eloabder-20&linkCode=osi&th=1&psc=1">View Product</a></div><div class="product"><a href="https://www.amazon.com/dp/B0D2PCCJVK?tag=eloabder-20&linkCode=osi&th=1&psc=1"><img src="https://m.media-amazon.com/images/I/41BFT-c3a9L._SL500_.jpg" alt="Product Image"></a><p>HoogaLife Car Air Freshener Diffuser – Revitalize Your Drive with Hanging Air Freshener Diffuser Aromatic Bliss On The Go(VANILLA CREAM)</p><p>$12.99 ($24.06 / Fl Oz)</p><a href="https://www.amazon.com/dp/B0D2PCCJVK?tag=eloabder-20&linkCode=osi&th=1&psc=1">View Product</a></div><div class="product"><a href="https://www.amazon.com/dp/B0D17SKCLF?tag=eloabder-20&linkCode=osi&th=1&psc=1"><img src="https://m.media-amazon.com/images/I/51VjaK8JNmL._SL500_.jpg" alt="Product Image"></a><p>AIDEA Car Wash Mitt Microfiber, 1PK-Scratch-Free& Lint-Free, Premium Chenille Microfiber Wash Mitt-Green Regular Size (7.12''X10.14'')</p><p>$5.99</p><a href="https://www.amazon.com/dp/B0D17SKCLF?tag=eloabder-20&linkCode=osi&th=1&psc=1">View Product</a></div>








<div class="product"><a href="https://www.amazon.com/dp/B00UZE8D00?tag=eloabder-20&linkCode=osi&th=1&psc=1"><img src="https://m.media-amazon.com/images/I/517VVkgvgcL._SL500_.jpg" alt="Product Image"></a><p>Chemical Guys HOL_996 Convertible Top Cleaner and Protectant Kit, 16 oz, 2 Items</p><p>$29.99</p><a href="https://www.amazon.com/dp/B00UZE8D00?tag=eloabder-20&linkCode=osi&th=1&psc=1">View Product</a></div><div class="product"><a href="https://www.amazon.com/dp/B004HCS4NW?tag=eloabder-20&linkCode=osi&th=1&psc=1"><img src="https://m.media-amazon.com/images/I/41j5b6xRqNL._SL500_.jpg" alt="Product Image"></a><p>Meguiar's Convertible Top Cleaner - Fabric Convertible Top Cleaner and Vinyl Convertible Top Cleaner in One Advanced Formula - Safely Removes Stains, Mildew, Bird Droppings, and More, 16 Oz</p><p>$6.87 ($0.43 / Ounce)</p><a href="https://www.amazon.com/dp/B004HCS4NW?tag=eloabder-20&linkCode=osi&th=1&psc=1">View Product</a></div><div class="product"><a href="https://www.amazon.com/dp/B00UZE80N0?tag=eloabder-20&linkCode=osi&th=1&psc=1"><img src="https://m.media-amazon.com/images/I/31FG83SK9SL._SL500_.jpg" alt="Product Image"></a><p>Chemical Guys SPI_193_16 Convertible Top Protectant and Repellent, (Helps Prevent Fading & Discoloration on Fabric Sot Tops) 16 fl oz (Packaging May Vary)</p><p>$19.99 ($1.25 / Fl Oz)</p><a href="https://www.amazon.com/dp/B00UZE80N0?tag=eloabder-20&linkCode=osi&th=1&psc=1">View Product</a></div><div class="product"><a href="https://www.amazon.com/dp/B00UZE8C1A?tag=eloabder-20&linkCode=osi&th=1&psc=1"><img src="https://m.media-amazon.com/images/I/31aLnXKZxfL._SL500_.jpg" alt="Product Image"></a><p>Chemical Guys ACC_S94 Convertible Top Horse Hair Cleaning Brush, Safe for Cloth Soft Tops, Upholstery, Leather, Furniture, & More</p><p>$14.99</p><a href="https://www.amazon.com/dp/B00UZE8C1A?tag=eloabder-20&linkCode=osi&th=1&psc=1">View Product</a></div><div class="product"><a href="https://www.amazon.com/dp/B000A8JNF0?tag=eloabder-20&linkCode=osi&th=1&psc=1"><img src="https://m.media-amazon.com/images/I/51PLChiVIrL._SL500_.jpg" alt="Product Image"></a><p>303 Products Convertible Fabric Top Cleaning and Care Kit - Cleans And Protects Fabric Tops - Includes Tonneau Cover And Convertible Top Cleaner 16 fl. oz. + Fabric Guard, (30520)</p><p>$32.79 ($1.02 / Fl Oz)</p><a href="https://www.amazon.com/dp/B000A8JNF0?tag=eloabder-20&linkCode=osi&th=1&psc=1">View Product</a></div>
<div class="product"><a href="https://www.amazon.com/dp/B0BCQ1XMWV?tag=eloabder-20&linkCode=osi&th=1&psc=1"><img src="https://m.media-amazon.com/images/I/41lV6Au-S9L._SL500_.jpg" alt="Product Image"></a><p>EMITHSUN® Windshield Wiper Blades Replacement for Honda Civic Coupe 2 Door 2005-2011,That Meet OEM Quality Front Wipers Blade Set for My Car-28"+24"(Set of 2)</p><p>$19.99</p><a href="https://www.amazon.com/dp/B0BCQ1XMWV?tag=eloabder-20&linkCode=osi&th=1&psc=1">View Product</a></div>
<div class="product"><a href="https://www.amazon.com/dp/B00I8ITVZG?tag=eloabder-20&linkCode=osi&th=1&psc=1"><img src="https://m.media-amazon.com/images/I/41TXd564pcL._SL500_.jpg" alt="Product Image"></a><p>ECOGARD XC36067 Premium Cabin Air Filter Fits Hyundai Genesis 2009-2016, Equus 2011-2016 | Genesis G80 2017-2021, G90 2019-2021, GV80 2021 | Kia K900 2020</p><p>$10.98</p><a href="https://www.amazon.com/dp/B00I8ITVZG?tag=eloabder-20&linkCode=osi&th=1&psc=1">View Product</a></div>

<div class="product"><a href="https://www.amazon.com/dp/B097C3NCP1?tag=eloabder-20&linkCode=osi&th=1&psc=1"><img src="https://m.media-amazon.com/images/I/41GXST2+s6L._SL500_.jpg" alt="Product Image"></a><p>Raidbee 12 inch Rear Wiper Blade Replacement for Toyota Corolla Hatchback 2022-2019, Nissan Versa 2019-2014 Back Windshield Wiper (H306/12-B)</p><p>$6.99</p><a href="https://www.amazon.com/dp/B097C3NCP1?tag=eloabder-20&linkCode=osi&th=1&psc=1">View Product</a></div>



<div class="product"><a href="https://www.amazon.com/dp/B0CQ4MLKHJ?tag=eloabder-20&linkCode=osi&th=1&psc=1"><img src="https://m.media-amazon.com/images/I/519f8covwQL._SL500_.jpg" alt="Product Image"></a><p>Feetiger All-in-1 Fire Extinguisher for Home, Kitchen, Car, Garage, RV, Truck, Boat, Camping, Fire Spray that Tackles Multiple Types of Fire, 2pack</p><p>$39.99</p><a href="https://www.amazon.com/dp/B0CQ4MLKHJ?tag=eloabder-20&linkCode=osi&th=1&psc=1">View Product</a></div>
<div class="product"><a href="https://www.amazon.com/dp/B07TS4JV6H?tag=eloabder-20&linkCode=osi&th=1&psc=1"><img src="https://m.media-amazon.com/images/I/412htpDd6fL._SL500_.jpg" alt="Product Image"></a><p>Police Flag Air Freshener, New Car Scent, 6-Pack</p><p>$9.99 ($1.66 / Count)</p><a href="https://www.amazon.com/dp/B07TS4JV6H?tag=eloabder-20&linkCode=osi&th=1&psc=1">View Product</a></div>


<div class="product"><a href="https://www.amazon.com/dp/B009EU5ZNO?tag=eloabder-20&linkCode=osi&th=1&psc=1"><img src="https://m.media-amazon.com/images/I/515MJLZbnoL._SL500_.jpg" alt="Product Image"></a><p>J-B Weld 50133 Plastic Bonder Structural Adhesive Syringe - Tan - 25 ml</p><p>$6.98 ($8.21 / Fl Oz)</p><a href="https://www.amazon.com/dp/B009EU5ZNO?tag=eloabder-20&linkCode=osi&th=1&psc=1">View Product</a></div>



<div class="product"><a href="https://www.amazon.com/dp/B09P6YZP72?tag=eloabder-20&linkCode=osi&th=1&psc=1"><img src="https://m.media-amazon.com/images/I/416rlvu+ayL._SL500_.jpg" alt="Product Image"></a><p>AUTOBOO 26"+20" Windshield Wipers with 16" Rear Wiper Blade Replacement for Dodge Grand Caravan 2008-2012 2013 2014 2015 2016 2017 2018 2019 -Original Factory Quality (Pack of 3)</p><p>$23.99</p><a href="https://www.amazon.com/dp/B09P6YZP72?tag=eloabder-20&linkCode=osi&th=1&psc=1">View Product</a></div><div class="product"><a href="https://www.amazon.com/dp/B0BLYQBDS8?tag=eloabder-20&linkCode=osi&th=1&psc=1"><img src="https://m.media-amazon.com/images/I/51SbpSR2zBL._SL500_.jpg" alt="Product Image"></a><p>A-Premium Engine Air Filter Compatible with Chrysler Town & Country & Dodge Grand Caravan & Ram C/V & Volkswagen Routan, 2011-2020, Flexible Panel, Replace# 4861737AA</p><p>$12.99</p><a href="https://www.amazon.com/dp/B0BLYQBDS8?tag=eloabder-20&linkCode=osi&th=1&psc=1">View Product</a></div>
<div class="product"><a href="https://www.amazon.com/dp/B001FCB4JS?tag=eloabder-20&linkCode=osi&th=1&psc=1"><img src="https://m.media-amazon.com/images/I/21wq6fxqiVL._SL500_.jpg" alt="Product Image"></a><p>Dicor BT-1834-1 Butyl Seal Tape - 1/8" x 3/4" x 30' Repair Tape for RV, Trailer, Motorhome, Window, and Vent Sealing</p><p>$13.15 ($0.44 / Foot)</p><a href="https://www.amazon.com/dp/B001FCB4JS?tag=eloabder-20&linkCode=osi&th=1&psc=1">View Product</a></div>
<div class="product"><a href="https://www.amazon.com/dp/B000BUQOD6?tag=eloabder-20&linkCode=osi&th=1&psc=1"><img src="https://m.media-amazon.com/images/I/41O0CoP1L3L._SL500_.jpg" alt="Product Image"></a><p>Camco Camper/RV Toilet Paper | Sewer-Safe, Septic-Safe & Biodegradable | Designed for Camper, Trailer & Marine Sanitation Systems | 1-Ply Tissue | 4 Toilet Paper Rolls – 280 Sheets per Roll (40275)</p><p>$5.99 ($2.14 / 100 Sheets)</p><a href="https://www.amazon.com/dp/B000BUQOD6?tag=eloabder-20&linkCode=osi&th=1&psc=1">View Product</a></div><div class="product"><a href="https://www.amazon.com/dp/B007JG1W1E?tag=eloabder-20&linkCode=osi&th=1&psc=1"><img src="https://m.media-amazon.com/images/I/41i-j99E9ML._SL500_.jpg" alt="Product Image"></a><p>Camco TST Camper / RV Grey Water Odor Control - Removes Grease Buildup in Gray Water Tank, Sink & Shower Drains - 4oz Treats 40-Gal Holding Tank - Safe Septic Tank Treatment - Lemon, 64 oz (40256)</p><p>$19.94 ($0.31 / Fl Oz)</p><a href="https://www.amazon.com/dp/B007JG1W1E?tag=eloabder-20&linkCode=osi&th=1&psc=1">View Product</a></div><div class="product"><a href="https://www.amazon.com/dp/B016V2OSD0?tag=eloabder-20&linkCode=osi&th=1&psc=1"><img src="https://m.media-amazon.com/images/I/31Jm99RYVXL._SL500_.jpg" alt="Product Image"></a><p>Camco TST MAX RV Toilet Treatment Drop-INs | Control Unwanted Odors and Break Down Waste and Tissue | Septic Tank Safe | Lavender Scent | 15-pack (41559)</p><p>$11.97 ($0.80 / Count)</p><a href="https://www.amazon.com/dp/B016V2OSD0?tag=eloabder-20&linkCode=osi&th=1&psc=1">View Product</a></div>






<div class="product"><a href="https://www.amazon.com/dp/B006GJYOL0?tag=eloabder-20&linkCode=osi&th=1&psc=1"><img src="https://m.media-amazon.com/images/I/41YPjiCzDfL._SL500_.jpg" alt="Product Image"></a><p>Boat Bling HS-0128 Hot Sauce Hard Water Spot Remover, Gallon Refill, for Boats, RVs, Powersport Vehicles and More, Black,1 Gallon</p><p>$54.95 ($0.43 / Fl Oz)</p><a href="https://www.amazon.com/dp/B006GJYOL0?tag=eloabder-20&linkCode=osi&th=1&psc=1">View Product</a></div><div class="product"><a href="https://www.amazon.com/dp/B0000AXVCB?tag=eloabder-20&linkCode=osi&th=1&psc=1"><img src="https://m.media-amazon.com/images/I/51gtsDb7zDL._SL500_.jpg" alt="Product Image"></a><p>Meguiar's M4364 Marine/RV Boat Wash - 64 Oz Container</p><p>$13.99 ($0.22 / Fl Oz)</p><a href="https://www.amazon.com/dp/B0000AXVCB?tag=eloabder-20&linkCode=osi&th=1&psc=1">View Product</a></div><div class="product"><a href="https://www.amazon.com/dp/B0007TR47G?tag=eloabder-20&linkCode=osi&th=1&psc=1"><img src="https://m.media-amazon.com/images/I/41Q4SzlVojL._SL500_.jpg" alt="Product Image"></a><p>Meguiar's Flagship Premium Marine Wax, Boat Polish and Oxidation Remover - 32 Oz Bottle</p><p>$21.49</p><a href="https://www.amazon.com/dp/B0007TR47G?tag=eloabder-20&linkCode=osi&th=1&psc=1">View Product</a></div><div class="product"><a href="https://www.amazon.com/dp/B006GJYLFY?tag=eloabder-20&linkCode=osi&th=1&psc=1"><img src="https://m.media-amazon.com/images/I/31G78TSjssL._SL500_.jpg" alt="Product Image"></a><p>Boat Bling Condition Sauce Premium Interior Moisturizer w/UV Protection, 32 oz.</p><p>$27.95</p><a href="https://www.amazon.com/dp/B006GJYLFY?tag=eloabder-20&linkCode=osi&th=1&psc=1">View Product</a></div><div class="product"><a href="https://www.amazon.com/dp/B006GJYKWI?tag=eloabder-20&linkCode=osi&th=1&psc=1"><img src="https://m.media-amazon.com/images/I/41AcDanNz-L._SL500_.jpg" alt="Product Image"></a><p>Boat Bling VS-0032 Vinyl Sauce Premium Vinyl and Leather Cleaner, 32 Oz., for Boats, RVs, Powersport Vehicles and More</p><p>$22.95 ($0.72 / Fl Oz)</p><a href="https://www.amazon.com/dp/B006GJYKWI?tag=eloabder-20&linkCode=osi&th=1&psc=1">View Product</a></div>
<div class="product"><a href="https://www.amazon.com/dp/B004OJTEKK?tag=eloabder-20&linkCode=osi&th=1&psc=1"><img src="https://m.media-amazon.com/images/I/41q8kkNiKOL._SL500_.jpg" alt="Product Image"></a><p>Shurhold Yacht Brite YBP-0302 Brite Wash - 1 Gallon</p><p>$23.97 ($0.19 / Fl Oz)</p><a href="https://www.amazon.com/dp/B004OJTEKK?tag=eloabder-20&linkCode=osi&th=1&psc=1">View Product</a></div>




<div class="product"><a href="https://www.amazon.com/dp/B0B2RDZNZB?tag=eloabder-20&linkCode=osi&th=1&psc=1"><img src="https://m.media-amazon.com/images/I/51RVSUoRuGL._SL500_.jpg" alt="Product Image"></a><p>Fancemot Helicopter Car Air Fresheners Rotating Solar Car Fresheners Airplane Car Perfume (Osmanthus & Vanilla)</p><p>$14.08</p><a href="https://www.amazon.com/dp/B0B2RDZNZB?tag=eloabder-20&linkCode=osi&th=1&psc=1">View Product</a></div><div class="product"><a href="https://www.amazon.com/dp/B0994PG1ZD?tag=eloabder-20&linkCode=osi&th=1&psc=1"><img src="https://m.media-amazon.com/images/I/413er0A8cVS._SL500_.jpg" alt="Product Image"></a><p>NICEADA Car Air Freshener, Helicopter Solar Energy Rotating Aromatherapy Aviation Al Alloy Diffuser, Interior Decoration Accessories Diffuser for Car and Home (Silver)</p><p>$23.99</p><a href="https://www.amazon.com/dp/B0994PG1ZD?tag=eloabder-20&linkCode=osi&th=1&psc=1">View Product</a></div><div class="product"><a href="https://www.amazon.com/dp/B09ZTMZKSJ?tag=eloabder-20&linkCode=osi&th=1&psc=1"><img src="https://m.media-amazon.com/images/I/41rz5PydC9L._SL500_.jpg" alt="Product Image"></a><p>Air Freshener, Gigicloud Car Fragrance Diffuser Solar Rotating Automotive Air Fresheners Ornament Helicopter Shape Solid Aromatherapy Decoration for Car and Home (Black)</p><p>$15.49</p><a href="https://www.amazon.com/dp/B09ZTMZKSJ?tag=eloabder-20&linkCode=osi&th=1&psc=1">View Product</a></div><div class="product"><a href="https://www.amazon.com/dp/B0CWNNPCD3?tag=eloabder-20&linkCode=osi&th=1&psc=1"><img src="https://m.media-amazon.com/images/I/51nznnJJhfL._SL500_.jpg" alt="Product Image"></a><p>Car Air Freshener Diffuser, KaiDengZhe 1PCS Helicopter Solar Energy Rotating Aromatherapy Aviation Al Alloy Diffuser, Car Diffuser for Essential Oils, Relieve Stress and Purifie Odors for Car and Home</p><p>$15.99</p><a href="https://www.amazon.com/dp/B0CWNNPCD3?tag=eloabder-20&linkCode=osi&th=1&psc=1">View Product</a></div><div class="product"><a href="https://www.amazon.com/dp/B0B8T47G65?tag=eloabder-20&linkCode=osi&th=1&psc=1"><img src="https://m.media-amazon.com/images/I/41d6cgVheqL._SL500_.jpg" alt="Product Image"></a><p>Joyfunky Car Air Fresheners with Solar Rotating, Creative Car Perfume Decoration, Relieve Stress and Purifie Odors, Use at Car, office and Home, Silver</p><p>$12.99</p><a href="https://www.amazon.com/dp/B0B8T47G65?tag=eloabder-20&linkCode=osi&th=1&psc=1">View Product</a></div><div class="product"><a href="https://www.amazon.com/dp/B0D4ZHJVK8?tag=eloabder-20&linkCode=osi&th=1&psc=1"><img src="https://m.media-amazon.com/images/I/41sEhsjtb4L._SL500_.jpg" alt="Product Image"></a><p>NICEADA Helicopter Solar Car Air Freshener Refill Set, Solar Essential Oil Refill Perfume Oil for Car Air Fresheners(4 Packs)</p><p>$21.99 ($24.99 / Fl Oz)</p><a href="https://www.amazon.com/dp/B0D4ZHJVK8?tag=eloabder-20&linkCode=osi&th=1&psc=1">View Product</a></div><div class="product"><a href="https://www.amazon.com/dp/B0D251XW47?tag=eloabder-20&linkCode=osi&th=1&psc=1"><img src="https://m.media-amazon.com/images/I/41x6lmNq9fL._SL500_.jpg" alt="Product Image"></a><p>Helicopter Car Air Fresheners with Solar Rotating, Creative Car Perfume Decoration, Car Airplane Fragrance Diffuser for Car, Home, Office (Silver)</p><p>$13.09</p><a href="https://www.amazon.com/dp/B0D251XW47?tag=eloabder-20&linkCode=osi&th=1&psc=1">View Product</a></div>

<div class="product"><a href="https://www.amazon.com/dp/B0D4154TQG?tag=eloabder-20&linkCode=osi&th=1&psc=1"><img src="https://m.media-amazon.com/images/I/217Iw-nO3UL._SL500_.jpg" alt="Product Image"></a><p>RV Curtain Glide Tape A115, 1/2 Inch Glides Clear RV Curtain Strip Curtain Slide Tape 72 Inches Long Use with Ceiling or Wall Mount Curtain Track A201 A202 (2 Pack)</p><p>$17.99</p><a href="https://www.amazon.com/dp/B0D4154TQG?tag=eloabder-20&linkCode=osi&th=1&psc=1">View Product</a></div>
<div class="product"><a href="https://www.amazon.com/dp/B08W4PQN8L?tag=eloabder-20&linkCode=osi&th=1&psc=1"><img src="https://m.media-amazon.com/images/I/41udmrd6QTL._SL500_.jpg" alt="Product Image"></a><p>Hot Air Balloon Novelty Air Freshener for Car - Sandalwood Scented Automotive Accessory New Mexico Souvenir Gift (Pack of 4)</p><p>$7.99 ($2.00 / Count)</p><a href="https://www.amazon.com/dp/B08W4PQN8L?tag=eloabder-20&linkCode=osi&th=1&psc=1">View Product</a></div>















<div class="product"><a href="https://www.amazon.com/dp/B0CP87K2VD?tag=eloabder-20&linkCode=osi&th=1&psc=1"><img src="https://m.media-amazon.com/images/I/41dTH4OPkcL._SL500_.jpg" alt="Product Image"></a><p>For harley air cleaner filter Touring street glide road king electra tri trike Dyna Sportster XL 883 1200 Softail air intake (Drift style -Contrast Cut, C-For Touring 08-16, Softail 16-17)</p><p>$125.00</p><a href="https://www.amazon.com/dp/B0CP87K2VD?tag=eloabder-20&linkCode=osi&th=1&psc=1">View Product</a></div><div class="product"><a href="https://www.amazon.com/dp/B08DNLNY3G?tag=eloabder-20&linkCode=osi&th=1&psc=1"><img src="https://m.media-amazon.com/images/I/51baNj3o8CL._SL500_.jpg" alt="Product Image"></a><p>2963308 HD1508 Ultra Classic Air Filter Cleaner for 2008-2014 Harley Davidson Street Glide, Electra Glide, Road King, Road Glide Custom, Ultra Classic and other select models HD-1508</p><p>$21.99</p><a href="https://www.amazon.com/dp/B08DNLNY3G?tag=eloabder-20&linkCode=osi&th=1&psc=1">View Product</a></div><div class="product"><a href="https://www.amazon.com/dp/B0CQ2KKC3N?tag=eloabder-20&linkCode=osi&th=1&psc=1"><img src="https://m.media-amazon.com/images/I/31W2a0gAwIL._SL500_.jpg" alt="Product Image"></a><p>High-Flo Replacement Air Filter Element For Ventilator - Milwaukee-Eight Engine '18-later Softail and '17-later Touring and Trike Models Equipped with 114 Air Cleaner</p><p>$39.99</p><a href="https://www.amazon.com/dp/B0CQ2KKC3N?tag=eloabder-20&linkCode=osi&th=1&psc=1">View Product</a></div><div class="product"><a href="https://www.amazon.com/dp/B0CPJ5BSGM?tag=eloabder-20&linkCode=osi&th=1&psc=1"><img src="https://m.media-amazon.com/images/I/41cUadnGKpL._SL500_.jpg" alt="Product Image"></a><p>For harley air cleaner filter sportster street road glide king for harley davidson motorcycle air intake (Nake style -Black, A-For Sportster XL models)</p><p>$169.00</p><a href="https://www.amazon.com/dp/B0CPJ5BSGM?tag=eloabder-20&linkCode=osi&th=1&psc=1">View Product</a></div><div class="product"><a href="https://www.amazon.com/dp/B0CR17NS1M?tag=eloabder-20&linkCode=osi&th=1&psc=1"><img src="https://m.media-amazon.com/images/I/41n57oM0A-L._SL500_.jpg" alt="Product Image"></a><p>For harley air cleaner filter Sportster Softail Touring street road king glide Dyna for harley davidson air intake filters (Speed 7 style -gray filter, C-For Touring 08-16, Softail 16-17)</p><p>$89.00</p><a href="https://www.amazon.com/dp/B0CR17NS1M?tag=eloabder-20&linkCode=osi&th=1&psc=1">View Product</a></div><div class="product"><a href="https://www.amazon.com/dp/B0CR167HDN?tag=eloabder-20&linkCode=osi&th=1&psc=1"><img src="https://m.media-amazon.com/images/I/41o4byfzbRL._SL500_.jpg" alt="Product Image"></a><p>For harley davidson air cleaner filter sportster Touring street glide road king electra Dyna Softail motorcycle air intake (Chromed- gray filter, C-For Touring 2008-2016)</p><p>$99.00</p><a href="https://www.amazon.com/dp/B0CR167HDN?tag=eloabder-20&linkCode=osi&th=1&psc=1">View Product</a></div>







<div class="product"><a href="https://www.amazon.com/dp/B08WH8CWDM?tag=eloabder-20&linkCode=osi&th=1&psc=1"><img src="https://m.media-amazon.com/images/I/41Jj3ouB+1L._SL500_.jpg" alt="Product Image"></a><p>Glaze 'N Seal Color Enhancer Paver Sealer, 1 Gallon (923)</p><p>$62.99</p><a href="https://www.amazon.com/dp/B08WH8CWDM?tag=eloabder-20&linkCode=osi&th=1&psc=1">View Product</a></div>

<div class="product"><a href="https://www.amazon.com/dp/B0B58G8WRX?tag=eloabder-20&linkCode=osi&th=1&psc=1"><img src="https://m.media-amazon.com/images/I/41hjxJMTGJL._SL500_.jpg" alt="Product Image"></a><p>Solarhome Air Filter 333-D2696 333D2696 Compatible with JCB Backhoe Loader 3CX 4CX Telehandler 531-70</p><p>$34.50</p><a href="https://www.amazon.com/dp/B0B58G8WRX?tag=eloabder-20&linkCode=osi&th=1&psc=1">View Product</a></div>




<div class="product"><a href="https://www.amazon.com/dp/B07G7XG6BV?tag=eloabder-20&linkCode=osi&th=1&psc=1"><img src="https://m.media-amazon.com/images/I/510tZGutn6L._SL500_.jpg" alt="Product Image"></a><p>Holikme 6Pack Cleaning Brush Power Scrubber Cleaning Brush Extended Long Attachment Set All Purpose Scrub Brushes Kit for Grout, Floor, Tub, Shower, Tile, Bathroom,Car Cleaning Brush，Yellow</p><p>$6.95</p><a href="https://www.amazon.com/dp/B07G7XG6BV?tag=eloabder-20&linkCode=osi&th=1&psc=1">View Product</a></div>



<div class="product"><a href="https://www.amazon.com/dp/B000FW2NWQ?tag=eloabder-20&linkCode=osi&th=1&psc=1"><img src="https://m.media-amazon.com/images/I/31VlBDw7uDL._SL500_.jpg" alt="Product Image"></a><p>Performance Tool W233 12-Inch Long Reach Extension Scraper with 3pc Double Edged Plastic Razor Scraper Blades and 3pc Carbon Steel Razor Scraper Blades</p><p>$10.31</p><a href="https://www.amazon.com/dp/B000FW2NWQ?tag=eloabder-20&linkCode=osi&th=1&psc=1">View Product</a></div>
<div class="product"><a href="https://www.amazon.com/dp/B0BV2CQ5SW?tag=eloabder-20&linkCode=osi&th=1&psc=1"><img src="https://m.media-amazon.com/images/I/51VkTDjGg4L._SL500_.jpg" alt="Product Image"></a><p>Filterelated Mixed Bed Deionized Di Resin Filter Fill, Suitable For Spotless Car Wash System Filter Change, Tds Filter, Aquarium Filter, Deionized Car Wash,5 Liters</p><p>$49.99</p><a href="https://www.amazon.com/dp/B0BV2CQ5SW?tag=eloabder-20&linkCode=osi&th=1&psc=1">View Product</a></div><div class="product"><a href="https://www.amazon.com/dp/B01MRVQ9UE?tag=eloabder-20&linkCode=osi&th=1&psc=1"><img src="https://m.media-amazon.com/images/I/51+i6fjU6tL._SL500_.jpg" alt="Product Image"></a><p>Husqvarna XP Pre-Mixed Fuel and Engine Oil Quart (3 Pack),Blue</p><p>$32.99 ($0.34 / Count)</p><a href="https://www.amazon.com/dp/B01MRVQ9UE?tag=eloabder-20&linkCode=osi&th=1&psc=1">View Product</a></div>




<div class="product"><a href="https://www.amazon.com/dp/B01N2G2NEJ?tag=eloabder-20&linkCode=osi&th=1&psc=1"><img src="https://m.media-amazon.com/images/I/41-5g4zEDpL._SL500_.jpg" alt="Product Image"></a><p>Chemical Guys SPI10816 Heavy Duty Water Spot Remover, Safe for Cars, Trucks, Motorcycles, RVs & More, 16 fl oz</p><p>$17.97 ($1.12 / Fl Oz)</p><a href="https://www.amazon.com/dp/B01N2G2NEJ?tag=eloabder-20&linkCode=osi&th=1&psc=1">View Product</a></div>









<div class="product"><a href="https://www.amazon.com/dp/B08YRVH2QV?tag=eloabder-20&linkCode=osi&th=1&psc=1"><img src="https://m.media-amazon.com/images/I/5164O-Jr2QL._SL500_.jpg" alt="Product Image"></a><p>Thetford AquaMAX Summer Cypress Scent RV Holding Tank Treatment, Formaldehyde Free, Waste Digester, Septic Tank Safe, 5 Gallon Bottle (96754)</p><p>$248.18</p><a href="https://www.amazon.com/dp/B08YRVH2QV?tag=eloabder-20&linkCode=osi&th=1&psc=1">View Product</a></div><div class="product"><a href="https://www.amazon.com/dp/B0BPMW7485?tag=eloabder-20&linkCode=osi&th=1&psc=1"><img src="https://m.media-amazon.com/images/I/51WNuQeew7L._SL500_.jpg" alt="Product Image"></a><p>XFasten Butyl Tape Black 1/2” x 30’ x 1/8" Butyl Sealant Tape Headlight Sealant Putty Tape | Black Butyl Caulking Tape | Butyl Tape RV Putty Tape EPDM Automotive Butyl Rubber Window Sealant for RV</p><p>$13.99 ($0.47 / Foot)</p><a href="https://www.amazon.com/dp/B0BPMW7485?tag=eloabder-20&linkCode=osi&th=1&psc=1">View Product</a></div>
<div class="product"><a href="https://www.amazon.com/dp/B006DXWZQU?tag=eloabder-20&linkCode=osi&th=1&psc=1"><img src="https://m.media-amazon.com/images/I/41wtqfFFfQL._SL500_.jpg" alt="Product Image"></a><p>FRAM Ultra Synthetic Automotive Replacement Oil Filter, Designed for Synthetic Oil Changes Lasting up to 20k Miles, XG10575 with SureGrip (Pack of 1)</p><p>$10.79</p><a href="https://www.amazon.com/dp/B006DXWZQU?tag=eloabder-20&linkCode=osi&th=1&psc=1">View Product</a></div><div class="product"><a href="https://www.amazon.com/dp/B01LH7L0XA?tag=eloabder-20&linkCode=osi&th=1&psc=1"><img src="https://m.media-amazon.com/images/I/41yD3QmbyZL._SL500_.jpg" alt="Product Image"></a><p>Shell Rotella T4 Triple Protection Conventional 15W-40 Diesel Engine Oil (1-Gallon, Single Pack)</p><p>$15.98 ($0.12 / Fl Oz)</p><a href="https://www.amazon.com/dp/B01LH7L0XA?tag=eloabder-20&linkCode=osi&th=1&psc=1">View Product</a></div><div class="product"><a href="https://www.amazon.com/dp/B00ICSWGJ0?tag=eloabder-20&linkCode=osi&th=1&psc=1"><img src="https://m.media-amazon.com/images/I/41Ahz5dVc5L._SL500_.jpg" alt="Product Image"></a><p>Castrol Edge 5W-30 Advanced Full Synthetic Motor Oil, 5 Quarts</p><p>$24.72 ($0.15 / Fl Oz)</p><a href="https://www.amazon.com/dp/B00ICSWGJ0?tag=eloabder-20&linkCode=osi&th=1&psc=1">View Product</a></div><div class="product"><a href="https://www.amazon.com/dp/B01N8RPDT8?tag=eloabder-20&linkCode=osi&th=1&psc=1"><img src="https://m.media-amazon.com/images/I/41Qm+9e8sCL._SL500_.jpg" alt="Product Image"></a><p>Motorcraft - Oil - Engine (XO10W305Q3SD)</p><p>$32.27</p><a href="https://www.amazon.com/dp/B01N8RPDT8?tag=eloabder-20&linkCode=osi&th=1&psc=1">View Product</a></div>
<div class="product"><a href="https://www.amazon.com/dp/B07FTRZLM5?tag=eloabder-20&linkCode=osi&th=1&psc=1"><img src="https://m.media-amazon.com/images/I/416uoNYOsXL._SL500_.jpg" alt="Product Image"></a><p>Chemical Guys HOL126 14-Piece Arsenal Builder Car Wash Kit with Foam Gun, Bucket, and (5) 16 oz Car Care Cleaning Chemicals, Gift for Car & Truck Lovers, Dads and DIYers (Works w/Garden Hose)</p><p>$119.99</p><a href="https://www.amazon.com/dp/B07FTRZLM5?tag=eloabder-20&linkCode=osi&th=1&psc=1">View Product</a></div><div class="product"><a href="https://www.amazon.com/dp/B0741RL23Q?tag=eloabder-20&linkCode=osi&th=1&psc=1"><img src="https://m.media-amazon.com/images/I/410wwKZBYVL._SL500_.jpg" alt="Product Image"></a><p>Chemical Guys SPI220 Total Interior Cleaner and Protectant, Safe for Cars, Trucks, SUVs, Jeeps, Motorcycles, RVs & More, 128 fl oz (1 Gallon)</p><p>$54.99 ($0.43 / Fl Oz)</p><a href="https://www.amazon.com/dp/B0741RL23Q?tag=eloabder-20&linkCode=osi&th=1&psc=1">View Product</a></div><div class="product"><a href="https://www.amazon.com/dp/B002J7VX4Y?tag=eloabder-20&linkCode=osi&th=1&psc=1"><img src="https://m.media-amazon.com/images/I/41oijnffQ0L._SL500_.jpg" alt="Product Image"></a><p>Chemical Guys AIR_101_16 New Car Smell Premium Air Freshener and Odor Eliminator, Long-Lasting Scent, Great for Cars, Trucks, SUVs, RVs & More, 16 fl oz</p><p>$10.99 ($0.69 / Fl Oz)</p><a href="https://www.amazon.com/dp/B002J7VX4Y?tag=eloabder-20&linkCode=osi&th=1&psc=1">View Product</a></div><div class="product"><a href="https://www.amazon.com/dp/B077TPG55M?tag=eloabder-20&linkCode=osi&th=1&psc=1"><img src="https://m.media-amazon.com/images/I/51aYksYRthL._SL500_.jpg" alt="Product Image"></a><p>Chemical Guys CWS20264 Tough Mudder Foaming Truck, Off Road, ATV and RV Heavy Duty Wash Soap,(Works with Foam Cannons, Foam Guns or Bucket Washes), 64 fl oz (Half Gallon), Lemon Scent</p><p>$39.99 ($0.62 / Fl Oz)</p><a href="https://www.amazon.com/dp/B077TPG55M?tag=eloabder-20&linkCode=osi&th=1&psc=1">View Product</a></div><div class="product"><a href="https://www.amazon.com/dp/B00BJCAPEE?tag=eloabder-20&linkCode=osi&th=1&psc=1"><img src="https://m.media-amazon.com/images/I/416RIPKVW1L._SL500_.jpg" alt="Product Image"></a><p>Chemical Guys CWS_402 Mr. Pink Foaming Car Wash Soap (Works with Foam Cannons, Foam Guns or Bucket Washes) Safe for Cars, Trucks, Motorcycles, RVs & More, 128 fl oz, Candy Scent</p><p>$39.99 ($0.31 / Fl Oz)</p><a href="https://www.amazon.com/dp/B00BJCAPEE?tag=eloabder-20&linkCode=osi&th=1&psc=1">View Product</a></div><div class="product"><a href="https://www.amazon.com/dp/B01C6AISUK?tag=eloabder-20&linkCode=osi&th=1&psc=1"><img src="https://m.media-amazon.com/images/I/41FrDCDPB6S._SL500_.jpg" alt="Product Image"></a><p>Chemical Guys CLD_700_16 Mat Renew Rubber + Vinyl Floor Mat Cleaner And Protectant, Safe for Cars, Trucks, SUVs, Motorcycles, RVs & More, 16 fl oz</p><p>$10.99 ($0.69 / Fl Oz)</p><a href="https://www.amazon.com/dp/B01C6AISUK?tag=eloabder-20&linkCode=osi&th=1&psc=1">View Product</a></div><div class="product"><a href="https://www.amazon.com/dp/B01N76S0A7?tag=eloabder-20&linkCode=osi&th=1&psc=1"><img src="https://m.media-amazon.com/images/I/51jurhYPCgL._SL500_.jpg" alt="Product Image"></a><p>Chemical Guys HOL131 Premium Chenille Microfiber Car Wash Mop and Heavy Duty Extendable Pole Kit (Great for RVs, Trucks, SUVs, Jeeps & Large Vehicles), With Mr. Pink Foaming Car Wash Soap - 4 fl oz</p><p>$49.99</p><a href="https://www.amazon.com/dp/B01N76S0A7?tag=eloabder-20&linkCode=osi&th=1&psc=1">View Product</a></div><div class="product"><a href="https://www.amazon.com/dp/B009OTW646?tag=eloabder-20&linkCode=osi&th=1&psc=1"><img src="https://m.media-amazon.com/images/I/41lG36UqLBL._SL500_.jpg" alt="Product Image"></a><p>Chemical Guys CWS 110 Honeydew Snow Foam Car Wash Soap (Works with Foam Cannons, Guns or Bucket Washes) Safe for Trucks, Motorcycles, RVs & More, 128 fl oz (1 Gallon), Honeydew Scent</p><p>$39.99 ($0.31 / Fl Oz)</p><a href="https://www.amazon.com/dp/B009OTW646?tag=eloabder-20&linkCode=osi&th=1&psc=1">View Product</a></div><div class="product"><a href="https://www.amazon.com/dp/B08P54Z2C2?tag=eloabder-20&linkCode=osi&th=1&psc=1"><img src="https://m.media-amazon.com/images/I/41Ra65iS2OL._SL500_.jpg" alt="Product Image"></a><p>Chemical Guys WAC23316 HydroSpeed Ceramic Quick Detailer, Safe for Cars, Trucks, SUVs, Motorcycles, RVs & More, 16 fl oz</p><p>$24.99</p><a href="https://www.amazon.com/dp/B08P54Z2C2?tag=eloabder-20&linkCode=osi&th=1&psc=1">View Product</a></div>
<div class="product"><a href="https://www.amazon.com/dp/B0C7WLPQC7?tag=eloabder-20&linkCode=osi&th=1&psc=1"><img src="https://m.media-amazon.com/images/I/41hJeSxsSWL._SL500_.jpg" alt="Product Image"></a><p>Detail King Car Odor Removal - Chlorine Dioxide Cup - Extreme Odor Eliminator For Car - Safe And Easy To Use (3 Oz (Pack of 1) - Plastic)</p><p>$24.95 ($8.32 / Ounce)</p><a href="https://www.amazon.com/dp/B0C7WLPQC7?tag=eloabder-20&linkCode=osi&th=1&psc=1">View Product</a></div>

<div class="product"><a href="https://www.amazon.com/dp/B0052XFWCG?tag=eloabder-20&linkCode=osi&th=1&psc=1"><img src="https://m.media-amazon.com/images/I/41qajeJVXLL._SL500_.jpg" alt="Product Image"></a><p>Hot Shot's Secret HSS64Z Original Stiction Eliminator 64 Fluid Ounce Bottle, Green</p><p>$53.45 ($0.84 / Fl Oz)</p><a href="https://www.amazon.com/dp/B0052XFWCG?tag=eloabder-20&linkCode=osi&th=1&psc=1">View Product</a></div><div class="product"><a href="https://www.amazon.com/dp/B009M64CAW?tag=eloabder-20&linkCode=osi&th=1&psc=1"><img src="https://m.media-amazon.com/images/I/417D8X0nkBL._SL500_.jpg" alt="Product Image"></a><p>Lucas Oil 10679 Hot Rod & Classic Car SAE 10W-30 Motor Oil - 5 Quart</p><p>$38.50 ($0.24 / Fl Oz)</p><a href="https://www.amazon.com/dp/B009M64CAW?tag=eloabder-20&linkCode=osi&th=1&psc=1">View Product</a></div><div class="product"><a href="https://www.amazon.com/dp/B01L9ARY9O?tag=eloabder-20&linkCode=osi&th=1&psc=1"><img src="https://m.media-amazon.com/images/I/51yaZAYH75L._SL500_.jpg" alt="Product Image"></a><p>FPPF Chemical Co 00161 16 OZ HOT 4-in-1 Heating Oil Treatment (2 Bottles)</p><p>$26.42</p><a href="https://www.amazon.com/dp/B01L9ARY9O?tag=eloabder-20&linkCode=osi&th=1&psc=1">View Product</a></div><div class="product"><a href="https://www.amazon.com/dp/B009M64CUM?tag=eloabder-20&linkCode=osi&th=1&psc=1"><img src="https://m.media-amazon.com/images/I/41yiWaF8YQL._SL500_.jpg" alt="Product Image"></a><p>Lucas Oil 10683 Hot Rod & Classic Car SAE 10W-40 Motor Oil - 5 Quart</p><p>$43.24 ($0.27 / Fl Oz)</p><a href="https://www.amazon.com/dp/B009M64CUM?tag=eloabder-20&linkCode=osi&th=1&psc=1">View Product</a></div><div class="product"><a href="https://www.amazon.com/dp/B0973HNRH9?tag=eloabder-20&linkCode=osi&th=1&psc=1"><img src="https://m.media-amazon.com/images/I/41kyGGJa--L._SL500_.jpg" alt="Product Image"></a><p>Hot Shot's Secret FR3 Friction Reducer 64 Fluid Ounce 2 Quarts, Light Yellow Liquid, (HSSFR364Z)</p><p>$59.73 ($0.93 / Fl Oz)</p><a href="https://www.amazon.com/dp/B0973HNRH9?tag=eloabder-20&linkCode=osi&th=1&psc=1">View Product</a></div><div class="product"><a href="https://www.amazon.com/dp/B082YFQQ25?tag=eloabder-20&linkCode=osi&th=1&psc=1"><img src="https://m.media-amazon.com/images/I/511PTX7LlZL._SL500_.jpg" alt="Product Image"></a><p>Hot Shot's Secret Green Diamond 100 Percent Synthetic 15W40 Oil Diesel 1 Gallon</p><p>$39.99 ($0.31 / Fl Oz)</p><a href="https://www.amazon.com/dp/B082YFQQ25?tag=eloabder-20&linkCode=osi&th=1&psc=1">View Product</a></div>















<div class="product"><a href="https://www.amazon.com/dp/B08PTMXCJL?tag=eloabder-20&linkCode=osi&th=1&psc=1"><img src="https://m.media-amazon.com/images/I/410eJv-7UHL._SL500_.jpg" alt="Product Image"></a><p>Moly Grease | 3% Molybdenum Disulfide | Fifth Wheel | 5th | Automotive | Tractor | Axle | Spline | CV Joint | Lithium EP Grease | High Temp | 35 LB Pail Bucket | Black Moly | NLGI 2 | HeavyDuty Moly</p><p>$174.99 ($0.31 / Ounce)</p><a href="https://www.amazon.com/dp/B08PTMXCJL?tag=eloabder-20&linkCode=osi&th=1&psc=1">View Product</a></div><div class="product"><a href="https://www.amazon.com/dp/B08PTHJTK5?tag=eloabder-20&linkCode=osi&th=1&psc=1"><img src="https://m.media-amazon.com/images/I/41VdMjJ38aL._SL500_.jpg" alt="Product Image"></a><p>Wheel Bearing Grease Pail | Lithium Complex | High Temp EP | CV Joint | Axle | Automotive | Tractor | Truck | Ball Joint | Marine Boat | Gear | Heavy Duty | Blue | 35 LB Bucket | NLGI 2 | MultiPurpose</p><p>$167.99 ($0.30 / Ounce)</p><a href="https://www.amazon.com/dp/B08PTHJTK5?tag=eloabder-20&linkCode=osi&th=1&psc=1">View Product</a></div><div class="product"><a href="https://www.amazon.com/dp/B0013J1UA6?tag=eloabder-20&linkCode=osi&th=1&psc=1"><img src="https://m.media-amazon.com/images/I/41G0Fkf7KnL._SL500_.jpg" alt="Product Image"></a><p>CRC Food Grade Chain Lube 03055 – 12 Wt. Oz. Aerosol, NSF H1 Gear, Chain, and Wire Lubricant</p><p>$19.25 ($1.60 / Ounce)</p><a href="https://www.amazon.com/dp/B0013J1UA6?tag=eloabder-20&linkCode=osi&th=1&psc=1">View Product</a></div>





<div class="product"><a href="https://www.amazon.com/dp/B08GQ9G2V5?tag=eloabder-20&linkCode=osi&th=1&psc=1"><img src="https://m.media-amazon.com/images/I/511+rapOlWL._SL500_.jpg" alt="Product Image"></a><p>Armor All Car Air Freshener and Purifier, Car Odor Eliminator, 1.5 Ounce (Pack of 3)</p><p>$21.21 ($4.71 / Ounce)</p><a href="https://www.amazon.com/dp/B08GQ9G2V5?tag=eloabder-20&linkCode=osi&th=1&psc=1">View Product</a></div>







<div class="product"><a href="https://www.amazon.com/dp/B001229JCU?tag=eloabder-20&linkCode=osi&th=1&psc=1"><img src="https://m.media-amazon.com/images/I/31W6FuKPMcL._SL500_.jpg" alt="Product Image"></a><p>First Alert EZ Fire Spray, Extinguishing Aerosol Spray, AF400 Red 18 Ounce (Pack of 1)</p><p>$12.49</p><a href="https://www.amazon.com/dp/B001229JCU?tag=eloabder-20&linkCode=osi&th=1&psc=1">View Product</a></div><div class="product"><a href="https://www.amazon.com/dp/B002U0KGDY?tag=eloabder-20&linkCode=osi&th=1&psc=1"><img src="https://m.media-amazon.com/images/I/51p6R+mcRhL._SL500_.jpg" alt="Product Image"></a><p>First Alert EZ Fire Spray, Extinguishing Aerosol Spray, Pack of 2, AF400-2, RED</p><p>$27.02</p><a href="https://www.amazon.com/dp/B002U0KGDY?tag=eloabder-20&linkCode=osi&th=1&psc=1">View Product</a></div>
<div class="product"><a href="https://www.amazon.com/dp/B0088LVBUQ?tag=eloabder-20&linkCode=osi&th=1&psc=1"><img src="https://m.media-amazon.com/images/I/31h7l-l6u2L._SL500_.jpg" alt="Product Image"></a><p>Seymour EN-59 Hi-Tech Engine Spray Paint, General Motors Red</p><p>$9.08 ($0.76 / Ounce)</p><a href="https://www.amazon.com/dp/B0088LVBUQ?tag=eloabder-20&linkCode=osi&th=1&psc=1">View Product</a></div>




<div class="product"><a href="https://www.amazon.com/dp/B000HBNU9K?tag=eloabder-20&linkCode=osi&th=1&psc=1"><img src="https://m.media-amazon.com/images/I/41URzfKaVsL._SL500_.jpg" alt="Product Image"></a><p>Permatex 27828 Body Shop Heavy Duty Headliner Adhesive, High-Strength Spray Adhesive, Repair Detached Or Loose Interior Parts, Dries Clear, Aerosol Can, 16.75 Oz</p><p>$17.05 ($1.02 / Ounce)</p><a href="https://www.amazon.com/dp/B000HBNU9K?tag=eloabder-20&linkCode=osi&th=1&psc=1">View Product</a></div><div class="product"><a href="https://www.amazon.com/dp/B001VXXEXU?tag=eloabder-20&linkCode=osi&th=1&psc=1"><img src="https://m.media-amazon.com/images/I/5112onMwzaL._SL500_.jpg" alt="Product Image"></a><p>Vibra-TITE 213 Red VC-3 Original Threadmate, 250ml Can</p><p>$99.19</p><a href="https://www.amazon.com/dp/B001VXXEXU?tag=eloabder-20&linkCode=osi&th=1&psc=1">View Product</a></div><div class="product"><a href="https://www.amazon.com/dp/B0CWPSLTR1?tag=eloabder-20&linkCode=osi&th=1&psc=1"><img src="https://m.media-amazon.com/images/I/31ytleZjjaL._SL500_.jpg" alt="Product Image"></a><p>P & S PROFESSIONAL DETAIL PRODUCTS - Terminator Enzyme Spot and Stain Remover - Perfect for Deodorizing, Removing Embedded Soils, Grease, Dirt, and Protein-Based Stains; Fresh Scent (1 Quart)</p><p>$25.95 ($0.81 / Fl Oz)</p><a href="https://www.amazon.com/dp/B0CWPSLTR1?tag=eloabder-20&linkCode=osi&th=1&psc=1">View Product</a></div><div class="product"><a href="https://www.amazon.com/dp/B07GFNQL9H?tag=eloabder-20&linkCode=osi&th=1&psc=1"><img src="https://m.media-amazon.com/images/I/41AA3Nbt8OL._SL500_.jpg" alt="Product Image"></a><p>Gunk FEB1 Foamy Engine Brite Engine Cleaner - 17oz. 2 Pack</p><p>$17.95 ($0.53 / Ounce)</p><a href="https://www.amazon.com/dp/B07GFNQL9H?tag=eloabder-20&linkCode=osi&th=1&psc=1">View Product</a></div>



<div class="product"><a href="https://www.amazon.com/dp/B003SKCARK?tag=eloabder-20&linkCode=osi&th=1&psc=1"><img src="https://m.media-amazon.com/images/I/41rvU5irgRL._SL500_.jpg" alt="Product Image"></a><p>Obenauf's Heavy Duty LP Leather Preservative (4oz)- All Natural Beeswax Oil Conditioner- Rejuvenate Restore & Preserve Sunfaded or Cracked Boots Jackets Saddles Car Auto Upholstery Furniture- USA Made</p><p>$15.99</p><a href="https://www.amazon.com/dp/B003SKCARK?tag=eloabder-20&linkCode=osi&th=1&psc=1">View Product</a></div>
Aucun résultat trouvé.

<div class="product"><a href="https://www.amazon.com/dp/B0CLWDDWHX?tag=eloabder-20&linkCode=osi&th=1&psc=1"><img src="https://m.media-amazon.com/images/I/51HPMtia03L._SL500_.jpg" alt="Product Image"></a><p>Fire Fix Fire Extinguisher for Home 5-Pack | Made in USA | Emergency Fire Spray Foam for Apartment, Boat, Camping, Car, House, Kitchen & Vehicle | Safety & Survival | Compact, Small, Safe & Easy Use</p><p>$56.95</p><a href="https://www.amazon.com/dp/B0CLWDDWHX?tag=eloabder-20&linkCode=osi&th=1&psc=1">View Product</a></div><div class="product"><a href="https://www.amazon.com/dp/B0CKZF9H3D?tag=eloabder-20&linkCode=osi&th=1&psc=1"><img src="https://m.media-amazon.com/images/I/41+Q4YdByuL._SL500_.jpg" alt="Product Image"></a><p>Firexo All Fires Fire Extinguisher - Multipurpose Mini Aerosol - Pack of 6 - Home, Kitchen, Car, Garage, Boat, Caravan, Camping Household, ABC, Vehicle, Compact, RV, Emergency Equipment (0.1 Gal)</p><p>$139.99</p><a href="https://www.amazon.com/dp/B0CKZF9H3D?tag=eloabder-20&linkCode=osi&th=1&psc=1">View Product</a></div>
Aucun résultat trouvé.
Aucun résultat trouvé.






<div class="product"><a href="https://www.amazon.com/dp/B00FOKOKMU?tag=eloabder-20&linkCode=osi&th=1&psc=1"><img src="https://m.media-amazon.com/images/I/41KsUW-6WOL._SL500_.jpg" alt="Product Image"></a><p>The Original Leather Recoloring Balm by Furniture Clinic - 16 Colors - Leather Repair Kit for Furniture - Restore Couches, Car Seats & More - Leather Dye for Scratched and Faded Leather (Beige)</p><p>$29.95</p><a href="https://www.amazon.com/dp/B00FOKOKMU?tag=eloabder-20&linkCode=osi&th=1&psc=1">View Product</a></div>


<div class="product"><a href="https://www.amazon.com/dp/B0BQX6CPLS?tag=eloabder-20&linkCode=osi&th=1&psc=1"><img src="https://m.media-amazon.com/images/I/51OtuHOIJpL._SL500_.jpg" alt="Product Image"></a><p>Dry Stop Fire Spray by Prepared Hero - 8 Pack - Portable Fire Extinguisher for Home, Car, Garage, Kitchen - Works on Electrical, Grease, Battery Fires & More - Compact, Easy to Use</p><p>$143.99</p><a href="https://www.amazon.com/dp/B0BQX6CPLS?tag=eloabder-20&linkCode=osi&th=1&psc=1">View Product</a></div><div class="product"><a href="https://www.amazon.com/dp/B0BQX76B9K?tag=eloabder-20&linkCode=osi&th=1&psc=1"><img src="https://m.media-amazon.com/images/I/51iHCSuHw5L._SL500_.jpg" alt="Product Image"></a><p>Vapor Clean Fire Spray by Prepared Hero - 8 Pack - Portable Fire Extinguisher for Home, Car, Garage, Kitchen - Works on Electrical, Grease, Battery Fires & More - Compact, Easy to Use</p><p>$143.99</p><a href="https://www.amazon.com/dp/B0BQX76B9K?tag=eloabder-20&linkCode=osi&th=1&psc=1">View Product</a></div><div class="product"><a href="https://www.amazon.com/dp/B0C32NVZJZ?tag=eloabder-20&linkCode=osi&th=1&psc=1"><img src="https://m.media-amazon.com/images/I/61coxTM3mSL._SL500_.jpg" alt="Product Image"></a><p>Houandg Water-Based Fire Extinguisher- 2 Pack Portable Solution for All Fire Types in Homes, Vehicles, Kitchens - Prevents Re-Ignition</p><p>$33.98</p><a href="https://www.amazon.com/dp/B0C32NVZJZ?tag=eloabder-20&linkCode=osi&th=1&psc=1">View Product</a></div>
<div class="product"><a href="https://www.amazon.com/dp/B00L3W1OAO?tag=eloabder-20&linkCode=osi&th=1&psc=1"><img src="https://m.media-amazon.com/images/I/414uILMLuaL._SL500_.jpg" alt="Product Image"></a><p>Pro F/X Rubber Mask Grease Wheel - 1 Ounce - Trauma</p><p>$27.01</p><a href="https://www.amazon.com/dp/B00L3W1OAO?tag=eloabder-20&linkCode=osi&th=1&psc=1">View Product</a></div>
<div class="product"><a href="https://www.amazon.com/dp/B0CZ16SHCH?tag=eloabder-20&linkCode=osi&th=1&psc=1"><img src="https://m.media-amazon.com/images/I/31pYxaz4gYL._SL500_.jpg" alt="Product Image"></a><p>P & S PROFESSIONAL DETAIL PRODUCTS - Rehab - Paint Correction Creme Safe for All Paint Types and with Multiple pad Types - Easy-to-use-Formula Works at Any Stage of Paint Correction - 1 Quart</p><p>$56.95</p><a href="https://www.amazon.com/dp/B0CZ16SHCH?tag=eloabder-20&linkCode=osi&th=1&psc=1">View Product</a></div><div class="product"><a href="https://www.amazon.com/dp/B082BG8HLX?tag=eloabder-20&linkCode=osi&th=1&psc=1"><img src="https://m.media-amazon.com/images/I/31OAXbv7QFL._SL500_.jpg" alt="Product Image"></a><p>Lithium Auto Elixirs Color Crush- A rather intense approach to an Instant Detailer, Infused with color enhancing technology - Extremely Hydrophobic ingredients, long lasting Instant Detailer</p><p>$19.95 ($1.25 / Fl Oz)</p><a href="https://www.amazon.com/dp/B082BG8HLX?tag=eloabder-20&linkCode=osi&th=1&psc=1">View Product</a></div><div class="product"><a href="https://www.amazon.com/dp/B07MTPWZ76?tag=eloabder-20&linkCode=osi&th=1&psc=1"><img src="https://m.media-amazon.com/images/I/41v5yubrqoL._SL500_.jpg" alt="Product Image"></a><p>Lithium Seal and Squeal Paint Sealant/Polish - Incredible Shine and Lasting Protection - Curable Amino Functional Polymers Fused with Si02 Ceramic Nano Technology -Lasts for up to 12 Months (16 oz)</p><p>$39.99 ($2.50 / Ounce)</p><a href="https://www.amazon.com/dp/B07MTPWZ76?tag=eloabder-20&linkCode=osi&th=1&psc=1">View Product</a></div><div class="product"><a href="https://www.amazon.com/dp/B07MVNX377?tag=eloabder-20&linkCode=osi&th=1&psc=1"><img src="https://m.media-amazon.com/images/I/31gEqFf7rhL._SL500_.jpg" alt="Product Image"></a><p>Leather Love - The Best Leather Conditioner On The Planet, Brings Old Leather Back To Life, All Natural Ingredients Mixed With Serious Science, Restores, Rehydrates, Protects (8oz)</p><p>$28.99 ($3.62 / Ounce)</p><a href="https://www.amazon.com/dp/B07MVNX377?tag=eloabder-20&linkCode=osi&th=1&psc=1">View Product</a></div><div class="product"><a href="https://www.amazon.com/dp/B07MTQP514?tag=eloabder-20&linkCode=osi&th=1&psc=1"><img src="https://m.media-amazon.com/images/I/311IYwH-oaL._SL500_.jpg" alt="Product Image"></a><p>Trim Serum- Plastic Restorer- Restores Even the Most Damaged Plastic, Rubber and Vinyl, Last For Months, Penetrates Plastic Pores Restoring Color. (16 Oz)</p><p>$36.99</p><a href="https://www.amazon.com/dp/B07MTQP514?tag=eloabder-20&linkCode=osi&th=1&psc=1">View Product</a></div><div class="product"><a href="https://www.amazon.com/dp/B07236X7TS?tag=eloabder-20&linkCode=osi&th=1&psc=1"><img src="https://m.media-amazon.com/images/I/51-mgxYD9kL._SL500_.jpg" alt="Product Image"></a><p>Skidmore's Biker Edition Leather Cream | All Natural Formula Cleans, Conditions, and Protects your Motorcycle | Made in USA</p><p>$44.98</p><a href="https://www.amazon.com/dp/B07236X7TS?tag=eloabder-20&linkCode=osi&th=1&psc=1">View Product</a></div><div class="product"><a href="https://www.amazon.com/dp/B001CS6HH4?tag=eloabder-20&linkCode=osi&th=1&psc=1"><img src="https://m.media-amazon.com/images/I/41wY0SB+DWL._SL500_.jpg" alt="Product Image"></a><p>Fiebing's Yellow Saddle Soap for Leather (3.5 oz Tin) - Leather Cleaner & Conditioner to Soften, Protect & Restore Leathercraft - Leather Soap for Car Seat, Couch, Shoe, Purse, Boot, Bag, & Saddles</p><p>$7.15 ($2.04 / Ounce)</p><a href="https://www.amazon.com/dp/B001CS6HH4?tag=eloabder-20&linkCode=osi&th=1&psc=1">View Product</a></div><div class="product"><a href="https://www.amazon.com/dp/B08RHZ1BKD?tag=eloabder-20&linkCode=osi&th=1&psc=1"><img src="https://m.media-amazon.com/images/I/21WKh31c4tL._SL500_.jpg" alt="Product Image"></a><p>Lithium Ignite After Wash - Conditions and Shines Surfaces as You Dry. Streak-Free Hydrophobic Formula adds Lubrication to Stop Micro Scratching While Surfaces pop with Color.</p><p>$21.99 ($1.37 / Fl Oz)</p><a href="https://www.amazon.com/dp/B08RHZ1BKD?tag=eloabder-20&linkCode=osi&th=1&psc=1">View Product</a></div><div class="product"><a href="https://www.amazon.com/dp/B0003A1T3E?tag=eloabder-20&linkCode=osi&th=1&psc=1"><img src="https://m.media-amazon.com/images/I/41042PKJ1ZL._SL500_.jpg" alt="Product Image"></a><p>URAD One step All-In-One Leather conditioner 140g - NEUTRAL</p><p>$16.13</p><a href="https://www.amazon.com/dp/B0003A1T3E?tag=eloabder-20&linkCode=osi&th=1&psc=1">View Product</a></div>

<div class="product"><a href="https://www.amazon.com/dp/B0B3NFH3QY?tag=eloabder-20&linkCode=osi&th=1&psc=1"><img src="https://m.media-amazon.com/images/I/51sKVZnP-WL._SL500_.jpg" alt="Product Image"></a><p>Little Joe 96427-6PK I Love Hockey New Car Scent Red Car Air Freshener A/C Vent Clip Uses Alcohol-Free Fragrance Oil is Non-Hazardous and Non-Toxic Plastic, Pack of 6</p><p>$21.99 ($3.66 / Count)</p><a href="https://www.amazon.com/dp/B0B3NFH3QY?tag=eloabder-20&linkCode=osi&th=1&psc=1">View Product</a></div><div class="product"><a href="https://www.amazon.com/dp/B072275K82?tag=eloabder-20&linkCode=osi&th=1&psc=1"><img src="https://m.media-amazon.com/images/I/41wDnF6SiAL._SL500_.jpg" alt="Product Image"></a><p>Little Joe 96404-6PK Fruit Scent, Car Air Freshener, Clips to A/C Air Vent, Alcohol-Free Fragrance Oil, Non-Hazardous and Non-Toxic Plastic, Set of 6</p><p>$16.60 ($2.77 / Count)</p><a href="https://www.amazon.com/dp/B072275K82?tag=eloabder-20&linkCode=osi&th=1&psc=1">View Product</a></div><div class="product"><a href="https://www.amazon.com/dp/B0CQPQ2S4W?tag=eloabder-20&linkCode=osi&th=1&psc=1"><img src="https://m.media-amazon.com/images/I/31iRknmvjeL._SL500_.jpg" alt="Product Image"></a><p>Little Pup 96613 Blue Raspberry Slushy Scent Car Air Freshener A/C Vent Clip Uses Alcohol-Free Fragrance Oil is Non Hazardous and Non Toxic, Pack of 1</p><p>$3.94</p><a href="https://www.amazon.com/dp/B0CQPQ2S4W?tag=eloabder-20&linkCode=osi&th=1&psc=1">View Product</a></div><div class="product"><a href="https://www.amazon.com/dp/B0CQPNMTM4?tag=eloabder-20&linkCode=osi&th=1&psc=1"><img src="https://m.media-amazon.com/images/I/41eEovL+zML._SL500_.jpg" alt="Product Image"></a><p>Little Joe 96414-6PK Orange Creamsicle Scent Car Air Freshener A/C Vent Clip Uses Alcohol-Free Fragrance Oil is Non-Hazardous and Non-Toxic Plastic, Pack of 6</p><p>$25.99 ($4.33 / Count)</p><a href="https://www.amazon.com/dp/B0CQPNMTM4?tag=eloabder-20&linkCode=osi&th=1&psc=1">View Product</a></div><div class="product"><a href="https://www.amazon.com/dp/B0CH9KNNZN?tag=eloabder-20&linkCode=osi&th=1&psc=1"><img src="https://m.media-amazon.com/images/I/41jX66PGMTL._SL500_.jpg" alt="Product Image"></a><p>TAKAVU Clay Bars Auto Detailing 2 Pack X 100g, Premium Grade Material, Magic Clay Bar Cleaner for Cars, RV, Boat and Bus (Grey)</p><p>$9.99</p><a href="https://www.amazon.com/dp/B0CH9KNNZN?tag=eloabder-20&linkCode=osi&th=1&psc=1">View Product</a></div>

<div class="product"><a href="https://www.amazon.com/dp/B004UM6DLE?tag=eloabder-20&linkCode=osi&th=1&psc=1"><img src="https://m.media-amazon.com/images/I/314nawyx6sL._SL500_.jpg" alt="Product Image"></a><p>CARPRO IronX Iron Remover: Stops Rust Spots and Pre-Mature Failure of The Clear Coat, Iron Contaminant Removal - 500mL with Sprayer (17oz)</p><p>$26.78</p><a href="https://www.amazon.com/dp/B004UM6DLE?tag=eloabder-20&linkCode=osi&th=1&psc=1">View Product</a></div><div class="product"><a href="https://www.amazon.com/dp/B01HXZXO98?tag=eloabder-20&linkCode=osi&th=1&psc=1"><img src="https://m.media-amazon.com/images/I/41Ne9OfQGzL._SL500_.jpg" alt="Product Image"></a><p>Chemical Guys CWS80316 Clean Slate Deep Surface Cleaning Car Wash Soap (Removes Old Car Waxes, Glazes & Sealants for Superior Surface Prep), 16 fl oz, Citrus Scent</p><p>$11.99 ($0.75 / Fl Oz)</p><a href="https://www.amazon.com/dp/B01HXZXO98?tag=eloabder-20&linkCode=osi&th=1&psc=1">View Product</a></div><div class="product"><a href="https://www.amazon.com/dp/B07C39H9YX?tag=eloabder-20&linkCode=osi&th=1&psc=1"><img src="https://m.media-amazon.com/images/I/31yK3Vb5xWL._SL500_.jpg" alt="Product Image"></a><p>Adam's Polishes Iron Remover (16oz) - Iron Out Fallout Rust Remover Spray for Car Detailing | Remove Iron Particles in Car Paint, Motorcycle, RV & Boat | Use Before Clay Bar, Car Wax or Car Wash</p><p>$16.99</p><a href="https://www.amazon.com/dp/B07C39H9YX?tag=eloabder-20&linkCode=osi&th=1&psc=1">View Product</a></div><div class="product"><a href="https://www.amazon.com/dp/B0BTJ9DJM5?tag=eloabder-20&linkCode=osi&th=1&psc=1"><img src="https://m.media-amazon.com/images/I/41tNMqlDrxL._SL500_.jpg" alt="Product Image"></a><p>Torque Detail Decon Wash Pack - Decontamination Soap 8oz + Wash Mitt - Surface Strip Wash Car Shampoo - Highly Absorbent Microfiber Chenille Car Wash Mitt Safely Cleans Your Vehicles Entire Surface</p><p>$24.95 ($3.12 / Fl Oz)</p><a href="https://www.amazon.com/dp/B0BTJ9DJM5?tag=eloabder-20&linkCode=osi&th=1&psc=1">View Product</a></div><div class="product"><a href="https://www.amazon.com/dp/B013K5V9PQ?tag=eloabder-20&linkCode=osi&th=1&psc=1"><img src="https://m.media-amazon.com/images/I/41V3rm6NlZL._SL500_.jpg" alt="Product Image"></a><p>CARPRO PolyShave Decon Towel - Car Detailing Clay Decontamination Faster than Clay Bar, Clean & Release of Paint Contaminants and Glass - Increase Wax and Sealant Bond - 12" x 12" (1 Pack)</p><p>$39.97</p><a href="https://www.amazon.com/dp/B013K5V9PQ?tag=eloabder-20&linkCode=osi&th=1&psc=1">View Product</a></div><div class="product"><a href="https://www.amazon.com/dp/B0B788NBWG?tag=eloabder-20&linkCode=osi&th=1&psc=1"><img src="https://m.media-amazon.com/images/I/51NDfAOuEmL._SL500_.jpg" alt="Product Image"></a><p>P & S Professional Detail Products - Clay Decontamination Towel - Effective Cleaning & Release of Paint Contaminants; Increase Wax & Sealant Bond; Enhance Gloss & Depth of Color; Fine Grade-12" x 12"</p><p>$34.95</p><a href="https://www.amazon.com/dp/B0B788NBWG?tag=eloabder-20&linkCode=osi&th=1&psc=1">View Product</a></div><div class="product"><a href="https://www.amazon.com/dp/B0B27TFK69?tag=eloabder-20&linkCode=osi&th=1&psc=1"><img src="https://m.media-amazon.com/images/I/41zJPQIcqeL._SL500_.jpg" alt="Product Image"></a><p>The Rag Company - Ultra Clay Decontamination Mitt - Easy to Use; Effective Cleaning & Release of Paint Contaminants; Increase Wax & Sealant Bond; Enhance Gloss &Color Depth; Fine Grade (8.7"x5.7")</p><p>$34.95</p><a href="https://www.amazon.com/dp/B0B27TFK69?tag=eloabder-20&linkCode=osi&th=1&psc=1">View Product</a></div><div class="product"><a href="https://www.amazon.com/dp/B0C6XBN14N?tag=eloabder-20&linkCode=osi&th=1&psc=1"><img src="https://m.media-amazon.com/images/I/31BSavOJ89L._SL500_.jpg" alt="Product Image"></a><p>3D Iron Remover GLW Series | DIY Car Detailing | Hyper Effective Wheel Decontamination | Removes Iron Particles, Dirt, Brake Dust | Rapid Results | Ultimate Iron & Surface Contaminate Eliminator, 16oz</p><p>$17.99</p><a href="https://www.amazon.com/dp/B0C6XBN14N?tag=eloabder-20&linkCode=osi&th=1&psc=1">View Product</a></div>







<div class="product"><a href="https://www.amazon.com/dp/B0D2SPCW3G?tag=eloabder-20&linkCode=osi&th=1&psc=1"><img src="https://m.media-amazon.com/images/I/41JYIg6xqqL._SL500_.jpg" alt="Product Image"></a><p>Crankcase Ventilation Oil Separator with Gasket Compatible for 2008-2014 Volvo Mack D13 D16 MP8 Engine Replace 21122541 20499419</p><p>$155.99</p><a href="https://www.amazon.com/dp/B0D2SPCW3G?tag=eloabder-20&linkCode=osi&th=1&psc=1">View Product</a></div>

<div class="product"><a href="https://www.amazon.com/dp/B0C6M2FHGX?tag=eloabder-20&linkCode=osi&th=1&psc=1"><img src="https://m.media-amazon.com/images/I/21wWRrpHdbL._SL500_.jpg" alt="Product Image"></a><p>eMagTech 9PCS Warning Sign Please No Smoking Vaping Food Drink Stickers 110x50mm Self-Adhesive Vinyl Window Decal for Car Taxis Buses Minibuses</p><p>$9.49</p><a href="https://www.amazon.com/dp/B0C6M2FHGX?tag=eloabder-20&linkCode=osi&th=1&psc=1">View Product</a></div>

Aucun résultat trouvé.

<div class="product"><a href="https://www.amazon.com/dp/B0CVWZZMRY?tag=eloabder-20&linkCode=osi&th=1&psc=1"><img src="https://m.media-amazon.com/images/I/512y-1GwQNL._SL500_.jpg" alt="Product Image"></a><p>Jewkot 4 PCS Car Wiper Strip, 28" Boneless Structure Car Windshield Cleaning Wiper Strip, DIY Length Auxiliary Cleaning Replacement Accessory, Suitable for Most Cars, Vans, Trucks, Buses (Black)</p><p>$5.58</p><a href="https://www.amazon.com/dp/B0CVWZZMRY?tag=eloabder-20&linkCode=osi&th=1&psc=1">View Product</a></div>
<div class="product"><a href="https://www.amazon.com/dp/B07L3VQC6W?tag=eloabder-20&linkCode=osi&th=1&psc=1"><img src="https://m.media-amazon.com/images/I/41GebP+2HYL._SL500_.jpg" alt="Product Image"></a><p>BRISA VW Collection Volkswagen Air Freshener, Room Freshener, Deodorizer for Cars T1 Bus Campervan Motif (Citrus/Yellow/Set of 2)</p><p>$13.90 ($6.95 / Count)</p><a href="https://www.amazon.com/dp/B07L3VQC6W?tag=eloabder-20&linkCode=osi&th=1&psc=1">View Product</a></div><div class="product"><a href="https://www.amazon.com/dp/B07L3V86JS?tag=eloabder-20&linkCode=osi&th=1&psc=1"><img src="https://m.media-amazon.com/images/I/41TblWhKhQL._SL500_.jpg" alt="Product Image"></a><p>BRISA VW Collection Volkswagen Air Freshener, Room Freshener, Deodorizer for Cars T1 Bus Campervan Motif (New Car/Green/Set of 2)</p><p>$13.90 ($6.95 / Count)</p><a href="https://www.amazon.com/dp/B07L3V86JS?tag=eloabder-20&linkCode=osi&th=1&psc=1">View Product</a></div>


Aucun résultat trouvé.










<div class="product"><a href="https://www.amazon.com/dp/B099HL5SV2?tag=eloabder-20&linkCode=osi&th=1&psc=1"><img src="https://m.media-amazon.com/images/I/31kcR8HnylL._SL500_.jpg" alt="Product Image"></a><p>Philips GoPure GP5212 High Performance HEPA Air Purifier for Car, Removes up to 100 Pollutants, Exhaust Fumes, VOCs, Smoke, Bad Odors, Bacteria and Viruses</p><p>$77.59</p><a href="https://www.amazon.com/dp/B099HL5SV2?tag=eloabder-20&linkCode=osi&th=1&psc=1">View Product</a></div><div class="product"><a href="https://www.amazon.com/dp/B07TB419F7?tag=eloabder-20&linkCode=osi&th=1&psc=1"><img src="https://m.media-amazon.com/images/I/41l9XK-u-eL._SL500_.jpg" alt="Product Image"></a><p>Enoch Ionic Car Air Purifier with Dual USB Car Charger. Car Air Freshener Eliminates Odor, Dust. Removes Smoke, Pet and Food Odor. Ionic Ozone Car Deodorizer (Matt Black)</p><p>$24.50</p><a href="https://www.amazon.com/dp/B07TB419F7?tag=eloabder-20&linkCode=osi&th=1&psc=1">View Product</a></div><div class="product"><a href="https://www.amazon.com/dp/B08C9LKKMM?tag=eloabder-20&linkCode=osi&th=1&psc=1"><img src="https://m.media-amazon.com/images/I/41uJDRzxfrL._SL500_.jpg" alt="Product Image"></a><p>4WDKING Car Air Purifier Ionizer, 12V Plug-in Car Air Freshener Gadgets with Dual USB Charger Removes Cigarette Smoke, Pet and Food Odor, Ionic Ozone (Black)</p><p>$22.99</p><a href="https://www.amazon.com/dp/B08C9LKKMM?tag=eloabder-20&linkCode=osi&th=1&psc=1">View Product</a></div><div class="product"><a href="https://www.amazon.com/dp/B07C7D366L?tag=eloabder-20&linkCode=osi&th=1&psc=1"><img src="https://m.media-amazon.com/images/I/51GvjMcOskL._SL500_.jpg" alt="Product Image"></a><p>Car Air Purifier Ionizer - 12V Plug-in Ionic Anti-Microbial Car Deodorizer with Dual USB Charger - Smoke Smell, Pet and Food Odors, Allergens, Viruses Eliminator for Car (Matte Silver)</p><p>$24.99</p><a href="https://www.amazon.com/dp/B07C7D366L?tag=eloabder-20&linkCode=osi&th=1&psc=1">View Product</a></div><div class="product"><a href="https://www.amazon.com/dp/B086H3FW7T?tag=eloabder-20&linkCode=osi&th=1&psc=1"><img src="https://m.media-amazon.com/images/I/51FfQTz4koL._SL500_.jpg" alt="Product Image"></a><p>bmbu 1000g Large Bamboo Charcoal Air Purifier Bag - Car Deodorizer/Car Freshener - Remove Odor and Control Moisture in Your RV, Camper, SUV, Car, Truck, Closet, Mobile Home, Storage - Non Fragrant</p><p>$22.99 ($0.65 / Ounce)</p><a href="https://www.amazon.com/dp/B086H3FW7T?tag=eloabder-20&linkCode=osi&th=1&psc=1">View Product</a></div><div class="product"><a href="https://www.amazon.com/dp/B019NXUJ5K?tag=eloabder-20&linkCode=osi&th=1&psc=1"><img src="https://m.media-amazon.com/images/I/31grLw6pdUL._SL500_.jpg" alt="Product Image"></a><p>PURGGO Car Air Freshener - Lasts 365+ Days No Chemicals 100% Activated Bamboo Charcoal Fragrance-Free Deodorizer, Natural Auto Odor Eliminator, Purifier, Neutralizer, Absorb Smoke Smell</p><p>$25.99</p><a href="https://www.amazon.com/dp/B019NXUJ5K?tag=eloabder-20&linkCode=osi&th=1&psc=1">View Product</a></div><div class="product"><a href="https://www.amazon.com/dp/B0CT5TBKH5?tag=eloabder-20&linkCode=osi&th=1&psc=1"><img src="https://m.media-amazon.com/images/I/41UB7n6FuwL._SL500_.jpg" alt="Product Image"></a><p>Timgle 1 Pack Car Air Freshener, Lasts 365+ Days, No Chemicals 100% Activated Bamboo Charcoal Fragrance, Free Deodorizer, Natural Auto Odor Eliminator, Purifier, Neutralizer (Khaki Strap)</p><p>$10.99</p><a href="https://www.amazon.com/dp/B0CT5TBKH5?tag=eloabder-20&linkCode=osi&th=1&psc=1">View Product</a></div><div class="product"><a href="https://www.amazon.com/dp/B00V4049K2?tag=eloabder-20&linkCode=osi&th=1&psc=1"><img src="https://m.media-amazon.com/images/I/51rLLMGOc6L._SL500_.jpg" alt="Product Image"></a><p>PURGGO Car Air Freshener - Auto Odor Eliminator - 100% Activated Bamboo Charcoal Air Purifier, Ionizer - Absorb and Remove Smoke Smell - Fragrance-Free Deodorizer - Lasts 365+ Days [Classic Beige]</p><p>$25.99</p><a href="https://www.amazon.com/dp/B00V4049K2?tag=eloabder-20&linkCode=osi&th=1&psc=1">View Product</a></div>








<div class="product"><a href="https://www.amazon.com/dp/B00RYGK12K?tag=eloabder-20&linkCode=osi&th=1&psc=1"><img src="https://m.media-amazon.com/images/I/51RdEyCkvuL._SL500_.jpg" alt="Product Image"></a><p>Little Trees Cardboard Hanging Car, Home & Office Air Freshener, Summer Linen (Pack of 12)</p><p>$11.82 ($0.98 / Count)</p><a href="https://www.amazon.com/dp/B00RYGK12K?tag=eloabder-20&linkCode=osi&th=1&psc=1">View Product</a></div><div class="product"><a href="https://www.amazon.com/dp/B00LM54ZD0?tag=eloabder-20&linkCode=osi&th=1&psc=1"><img src="https://m.media-amazon.com/images/I/41YuRNweefL._SL500_.jpg" alt="Product Image"></a><p>LITTLE TREES Air Fresheners Car Air Freshener. Hanging Tree Provides Long Lasting Scent for Auto or Home. Black Ice, 24 Air Fresheners</p><p>$20.19 ($0.84 / Count)</p><a href="https://www.amazon.com/dp/B00LM54ZD0?tag=eloabder-20&linkCode=osi&th=1&psc=1">View Product</a></div><div class="product"><a href="https://www.amazon.com/dp/B09BB4V1Y8?tag=eloabder-20&linkCode=osi&th=1&psc=1"><img src="https://m.media-amazon.com/images/I/51AKMdDLO-L._SL500_.jpg" alt="Product Image"></a><p>DRIVEJOY Car Air Freshener Vent Clips, 8 PK, 6 Ocean, 2 New Car Scent, Car Fresheners for Men Women, Up to 240 Days, Long Lasting Air Freshener for Car, Odor Eliminator</p><p>$9.98 ($9.60 / Fl Oz)</p><a href="https://www.amazon.com/dp/B09BB4V1Y8?tag=eloabder-20&linkCode=osi&th=1&psc=1">View Product</a></div><div class="product"><a href="https://www.amazon.com/dp/B078JWRLYT?tag=eloabder-20&linkCode=osi&th=1&psc=1"><img src="https://m.media-amazon.com/images/I/41shbIl-LEL._SL500_.jpg" alt="Product Image"></a><p>California Scents Air Freshener 4-Pack Car Air Freshener (Coronado Cherry)</p><p>$12.88 ($2.15 / Ounce)</p><a href="https://www.amazon.com/dp/B078JWRLYT?tag=eloabder-20&linkCode=osi&th=1&psc=1">View Product</a></div><div class="product"><a href="https://www.amazon.com/dp/B0CW4CJWW9?tag=eloabder-20&linkCode=osi&th=1&psc=1"><img src="https://m.media-amazon.com/images/I/417lKQ0MXPL._SL500_.jpg" alt="Product Image"></a><p>Karma, Essential Oil Air Freshener for Cars Set of 2, Home & Office - Colorful Decorative Hanging Air Freshener with Tassel, Buttercup Vanilla Scented</p><p>$8.40 ($4.20 / Count)</p><a href="https://www.amazon.com/dp/B0CW4CJWW9?tag=eloabder-20&linkCode=osi&th=1&psc=1">View Product</a></div><div class="product"><a href="https://www.amazon.com/dp/B00AYCXL2I?tag=eloabder-20&linkCode=osi&th=1&psc=1"><img src="https://m.media-amazon.com/images/I/5165h10nKbL._SL500_.jpg" alt="Product Image"></a><p>Febreze Car Air Fresheners, New Car Scent, Odor Eliminator for Strong Odors Car Vent Clips (2 Count)</p><p>$9.98 ($4.99 / Count)</p><a href="https://www.amazon.com/dp/B00AYCXL2I?tag=eloabder-20&linkCode=osi&th=1&psc=1">View Product</a></div><div class="product"><a href="https://www.amazon.com/dp/B01LZ0N1MJ?tag=eloabder-20&linkCode=osi&th=1&psc=1"><img src="https://m.media-amazon.com/images/I/41J5LJGof9L._SL500_.jpg" alt="Product Image"></a><p>LITTLE TREES Car Air Freshener | Hanging Paper Tree for Home or Car | New Car Scent | 12 Pack</p><p>$11.70 ($0.98 / Count)</p><a href="https://www.amazon.com/dp/B01LZ0N1MJ?tag=eloabder-20&linkCode=osi&th=1&psc=1">View Product</a></div><div class="product"><a href="https://www.amazon.com/dp/B0C2Q2VGPZ?tag=eloabder-20&linkCode=osi&th=1&psc=1"><img src="https://m.media-amazon.com/images/I/413gckSL1EL._SL500_.jpg" alt="Product Image"></a><p>Savage Disposable Card Freshener for Men | Car Scents Air Freshener with Sauvage Fragrance | Strong Car Perfume Air Freshener with Odour Eliminating Technology | Suvage by Perfa</p><p>$6.99</p><a href="https://www.amazon.com/dp/B0C2Q2VGPZ?tag=eloabder-20&linkCode=osi&th=1&psc=1">View Product</a></div>




<div class="product"><a href="https://www.amazon.com/dp/B06WVL7YSG?tag=eloabder-20&linkCode=osi&th=1&psc=1"><img src="https://m.media-amazon.com/images/I/51fO0NuM6nL._SL500_.jpg" alt="Product Image"></a><p>Meguiar's Quik Scratch Eraser Kit, Car Scratch Remover for Repairing Surface Blemishes, Car Care Kit with ScratchX, Drill-Mounted Pad, and Microfiber Towel, 3 Count</p><p>$17.97</p><a href="https://www.amazon.com/dp/B06WVL7YSG?tag=eloabder-20&linkCode=osi&th=1&psc=1">View Product</a></div><div class="product"><a href="https://www.amazon.com/dp/B00P67GSRG?tag=eloabder-20&linkCode=osi&th=1&psc=1"><img src="https://m.media-amazon.com/images/I/41R-vt8tcnL._SL500_.jpg" alt="Product Image"></a><p>Chemical Guys GAP_VKIT_16 V Line Polish and Compound Kit For Light to Heavy Swirls & Scratches (Safe for Cars, Trucks, SUVs, RVs, Motorcycles, & More) 4 - 16 fl oz Items</p><p>$69.99</p><a href="https://www.amazon.com/dp/B00P67GSRG?tag=eloabder-20&linkCode=osi&th=1&psc=1">View Product</a></div>
<div class="product"><a href="https://www.amazon.com/dp/B0BQ1CPLSQ?tag=eloabder-20&linkCode=osi&th=1&psc=1"><img src="https://m.media-amazon.com/images/I/41ikSNNgp5L._SL500_.jpg" alt="Product Image"></a><p>PROPER DETAILING CO. Car Detailing Kit Interior Cleaner, Get Professional Results - Car Interior Cleaning Kit includes 16 oz. interior cleaner, premium boars hair detail brush, and 2 microfiber towels</p><p>$23.99</p><a href="https://www.amazon.com/dp/B0BQ1CPLSQ?tag=eloabder-20&linkCode=osi&th=1&psc=1">View Product</a></div>






<div class="product"><a href="https://www.amazon.com/dp/B004VG6SWS?tag=eloabder-20&linkCode=osi&th=1&psc=1"><img src="https://m.media-amazon.com/images/I/31M54KTIo2L._SL500_.jpg" alt="Product Image"></a><p>3M Scotchgard Clear Paint Protection Bulk Film Roll 12-by-72-inches</p><p>$38.00</p><a href="https://www.amazon.com/dp/B004VG6SWS?tag=eloabder-20&linkCode=osi&th=1&psc=1">View Product</a></div><div class="product"><a href="https://www.amazon.com/dp/B073X7WF5J?tag=eloabder-20&linkCode=osi&th=1&psc=1"><img src="https://m.media-amazon.com/images/I/41PIPchJvFL._SL500_.jpg" alt="Product Image"></a><p>VViViD 3M Clear Paint Protection Vinyl Film 6 Inch x 25 Inch</p><p>$9.99</p><a href="https://www.amazon.com/dp/B073X7WF5J?tag=eloabder-20&linkCode=osi&th=1&psc=1">View Product</a></div>

<div class="product"><a href="https://www.amazon.com/dp/B09VLKQY83?tag=eloabder-20&linkCode=osi&th=1&psc=1"><img src="https://m.media-amazon.com/images/I/41HrqrTIGUL._SL500_.jpg" alt="Product Image"></a><p>Charcoal 2PLY Nano Ceramic 20% VLT Car Tint 36 in x 25 FT Professional Window Tint Heat, UV 99%, and IRR 85% to 90% Tint for Cars or Building Adhesive Film Easy Shrink, Plotter Friendly</p><p>$56.95 ($0.76 / Sq Ft)</p><a href="https://www.amazon.com/dp/B09VLKQY83?tag=eloabder-20&linkCode=osi&th=1&psc=1">View Product</a></div><div class="product"><a href="https://www.amazon.com/dp/B000CAM2ZO?tag=eloabder-20&linkCode=osi&th=1&psc=1"><img src="https://m.media-amazon.com/images/I/31zB99KwKWL._SL500_.jpg" alt="Product Image"></a><p>Black Magic 5060107 Professional Anti-Heat Layer Tint Film, 5% VLT, 24-Inches x 78-Inches</p><p>$20.26 ($1.56 / Sq Ft)</p><a href="https://www.amazon.com/dp/B000CAM2ZO?tag=eloabder-20&linkCode=osi&th=1&psc=1">View Product</a></div>

<div class="product"><a href="https://www.amazon.com/dp/B081T7N948?tag=eloabder-20&linkCode=osi&th=1&psc=1"><img src="https://m.media-amazon.com/images/I/41q0eWfEB3L._SL500_.jpg" alt="Product Image"></a><p>PULIDIKI Car Cleaning Gel Universal Detailing Kit Automotive Dust Car Crevice Cleaner Slime Auto Air Vent Interior Detail Removal for Car Putty Cleaning Keyboard Cleaner Car Accessories Blue</p><p>$5.94</p><a href="https://www.amazon.com/dp/B081T7N948?tag=eloabder-20&linkCode=osi&th=1&psc=1">View Product</a></div><div class="product"><a href="https://www.amazon.com/dp/B0CRKX3D9J?tag=eloabder-20&linkCode=osi&th=1&psc=1"><img src="https://m.media-amazon.com/images/I/51aymO4P7aL._SL500_.jpg" alt="Product Image"></a><p>PULIDIKI Car Cleaning Gel for Car Cleaning Putty Car Putty Auto Detailing Tools Car Slime Cleaner Dust Cleaning Gel for Car Interior Cleaner Car Accessories Keyboard Cleaner Blue (2Pack)</p><p>$9.99</p><a href="https://www.amazon.com/dp/B0CRKX3D9J?tag=eloabder-20&linkCode=osi&th=1&psc=1">View Product</a></div><div class="product"><a href="https://www.amazon.com/dp/B0988X73FW?tag=eloabder-20&linkCode=osi&th=1&psc=1"><img src="https://m.media-amazon.com/images/I/51qQkFSZAIL._SL500_.jpg" alt="Product Image"></a><p>TICARVE Car Cleaning Gel Detailing Putty Car Putty Auto Detailing Tools Car Interior Cleaner Cleaning Slime Car Accessories Keyboard Cleaner Rose/NT WT: 5.6 oz (160 gr)</p><p>$6.98</p><a href="https://www.amazon.com/dp/B0988X73FW?tag=eloabder-20&linkCode=osi&th=1&psc=1">View Product</a></div><div class="product"><a href="https://www.amazon.com/dp/B08RDNV8KQ?tag=eloabder-20&linkCode=osi&th=1&psc=1"><img src="https://m.media-amazon.com/images/I/51DwR48ghvL._SL500_.jpg" alt="Product Image"></a><p>TICARVE Cleaning Gel for Car Detailing Car Vent Cleaner Cleaning Putty Gel Auto Car Interior Cleaner Dust Cleaning Mud for Cars and Keyboard Cleaner Cleaning Slime Purple</p><p>$6.99</p><a href="https://www.amazon.com/dp/B08RDNV8KQ?tag=eloabder-20&linkCode=osi&th=1&psc=1">View Product</a></div><div class="product"><a href="https://www.amazon.com/dp/B07SBNH48K?tag=eloabder-20&linkCode=osi&th=1&psc=1"><img src="https://m.media-amazon.com/images/I/51MyrDaYquL._SL500_.jpg" alt="Product Image"></a><p>COLORCORAL Cleaning Gel for Car Universal Gel Cleaner Auto Detailing Car Vent Keyboard Cleaning Putty Car Interior Cleaner Dashboard Dust Remover Putty Auto Duster Cleaning Kit 160G</p><p>$6.99</p><a href="https://www.amazon.com/dp/B07SBNH48K?tag=eloabder-20&linkCode=osi&th=1&psc=1">View Product</a></div><div class="product"><a href="https://www.amazon.com/dp/B0D1CB8RP2?tag=eloabder-20&linkCode=osi&th=1&psc=1"><img src="https://m.media-amazon.com/images/I/51MPeMNItzL._SL500_.jpg" alt="Product Image"></a><p>ALIOBC Car Cleaning Gel, Keyboard Cleaner Cleaning Putty for Car Interior Car Slime Cleaner Dust Cleaning Gel Car Putty for Cleaning Car Gel Cleaner Blue NT.WT.: 5.6 oz (160 g)</p><p>$6.99</p><a href="https://www.amazon.com/dp/B0D1CB8RP2?tag=eloabder-20&linkCode=osi&th=1&psc=1">View Product</a></div><div class="product"><a href="https://www.amazon.com/dp/B09995RLLH?tag=eloabder-20&linkCode=osi&th=1&psc=1"><img src="https://m.media-amazon.com/images/I/51hASKz7MnL._SL500_.jpg" alt="Product Image"></a><p>TICARVE 2Pack Cleaning Gel for Car Cleaning Putty Car Slime for Cleaning Car Detailing Putty Detail Tools Car Interior Cleaner Automotive Car Cleaning Kits Keyboard Cleaner Blue Purple (320g/11.2oz)</p><p>$7.99</p><a href="https://www.amazon.com/dp/B09995RLLH?tag=eloabder-20&linkCode=osi&th=1&psc=1">View Product</a></div><div class="product"><a href="https://www.amazon.com/dp/B0D6X5K8CY?tag=eloabder-20&linkCode=osi&th=1&psc=1"><img src="https://m.media-amazon.com/images/I/51C3FExB5RL._SL500_.jpg" alt="Product Image"></a><p>Dust Away Universal Car Cleaning Gel Automotive Detail Putty Crevice Cleaning Slime for Air Vents Interiors Keyboards Laptops & Electronics Versatile Home & Office Accessories Fresh Scent (Lime Green)</p><p>$5.88</p><a href="https://www.amazon.com/dp/B0D6X5K8CY?tag=eloabder-20&linkCode=osi&th=1&psc=1">View Product</a></div>


<div class="product"><a href="https://www.amazon.com/dp/B0BB9M5TSP?tag=eloabder-20&linkCode=osi&th=1&psc=1"><img src="https://m.media-amazon.com/images/I/51NEhgC0fNL._SL500_.jpg" alt="Product Image"></a><p>Ouzorp Car Wheel Scratch repair Rim Touch Up Paint Rim Scratch Repair Pen Quick And Easy Wheel（silver）</p><p>$10.99 ($15.48 / Fl Oz)</p><a href="https://www.amazon.com/dp/B0BB9M5TSP?tag=eloabder-20&linkCode=osi&th=1&psc=1">View Product</a></div>





<div class="product"><a href="https://www.amazon.com/dp/B0D464228M?tag=eloabder-20&linkCode=osi&th=1&psc=1"><img src="https://m.media-amazon.com/images/I/315VtBe9l-L._SL500_.jpg" alt="Product Image"></a><p>Drift Car Air Freshener - Wood Air Freshener - Car Odor Eliminator - Open Air Scent Starter Kit</p><p>$11.95</p><a href="https://www.amazon.com/dp/B0D464228M?tag=eloabder-20&linkCode=osi&th=1&psc=1">View Product</a></div>
<div class="product"><a href="https://www.amazon.com/dp/B071HR14SJ?tag=eloabder-20&linkCode=osi&th=1&psc=1"><img src="https://m.media-amazon.com/images/I/41crypCefDL._SL500_.jpg" alt="Product Image"></a><p>Meguiar's Gold Class Car Wash Soap, Ultra-Rich Car Wash Soap and Conditioner for Car Cleaning, Car Wash Soap to Clean and Condition in One Easy Step, 1 Gallon Car Wash Soap</p><p>$24.99 ($0.20 / Ounce)</p><a href="https://www.amazon.com/dp/B071HR14SJ?tag=eloabder-20&linkCode=osi&th=1&psc=1">View Product</a></div><div class="product"><a href="https://www.amazon.com/dp/B085R9L9Q9?tag=eloabder-20&linkCode=osi&th=1&psc=1"><img src="https://m.media-amazon.com/images/I/41tAv1FNbZL._SL500_.jpg" alt="Product Image"></a><p>Armor All Extreme Shield Protectant Spray , Interior Car Cleaner with UV Protection Against Cracking and Fading, 16 Fl Oz</p><p>$8.98 ($0.56 / Fl Oz)</p><a href="https://www.amazon.com/dp/B085R9L9Q9?tag=eloabder-20&linkCode=osi&th=1&psc=1">View Product</a></div><div class="product"><a href="https://www.amazon.com/dp/B016NA9Y4S?tag=eloabder-20&linkCode=osi&th=1&psc=1"><img src="https://m.media-amazon.com/images/I/31oz8VJFdjL._SL500_.jpg" alt="Product Image"></a><p>Rain-X 5079281-2 Latitude 2-In-1 Wiper Blades, 26 Inch Windshield Wipers (Pack Of 1), Automotive Replacement Windshield Wiper Blades With Patented Rain-X Water Repellency Formula</p><p>$17.08</p><a href="https://www.amazon.com/dp/B016NA9Y4S?tag=eloabder-20&linkCode=osi&th=1&psc=1">View Product</a></div><div class="product"><a href="https://www.amazon.com/dp/B0D2PCCJVK?tag=eloabder-20&linkCode=osi&th=1&psc=1"><img src="https://m.media-amazon.com/images/I/41BFT-c3a9L._SL500_.jpg" alt="Product Image"></a><p>HoogaLife Car Air Freshener Diffuser – Revitalize Your Drive with Hanging Air Freshener Diffuser Aromatic Bliss On The Go(VANILLA CREAM)</p><p>$12.99 ($24.06 / Fl Oz)</p><a href="https://www.amazon.com/dp/B0D2PCCJVK?tag=eloabder-20&linkCode=osi&th=1&psc=1">View Product</a></div><div class="product"><a href="https://www.amazon.com/dp/B0D17SKCLF?tag=eloabder-20&linkCode=osi&th=1&psc=1"><img src="https://m.media-amazon.com/images/I/51VjaK8JNmL._SL500_.jpg" alt="Product Image"></a><p>AIDEA Car Wash Mitt Microfiber, 1PK-Scratch-Free& Lint-Free, Premium Chenille Microfiber Wash Mitt-Green Regular Size (7.12''X10.14'')</p><p>$5.99</p><a href="https://www.amazon.com/dp/B0D17SKCLF?tag=eloabder-20&linkCode=osi&th=1&psc=1">View Product</a></div>








<div class="product"><a href="https://www.amazon.com/dp/B00UZE8D00?tag=eloabder-20&linkCode=osi&th=1&psc=1"><img src="https://m.media-amazon.com/images/I/517VVkgvgcL._SL500_.jpg" alt="Product Image"></a><p>Chemical Guys HOL_996 Convertible Top Cleaner and Protectant Kit, 16 oz, 2 Items</p><p>$29.99</p><a href="https://www.amazon.com/dp/B00UZE8D00?tag=eloabder-20&linkCode=osi&th=1&psc=1">View Product</a></div><div class="product"><a href="https://www.amazon.com/dp/B004HCS4NW?tag=eloabder-20&linkCode=osi&th=1&psc=1"><img src="https://m.media-amazon.com/images/I/41j5b6xRqNL._SL500_.jpg" alt="Product Image"></a><p>Meguiar's Convertible Top Cleaner - Fabric Convertible Top Cleaner and Vinyl Convertible Top Cleaner in One Advanced Formula - Safely Removes Stains, Mildew, Bird Droppings, and More, 16 Oz</p><p>$6.87 ($0.43 / Ounce)</p><a href="https://www.amazon.com/dp/B004HCS4NW?tag=eloabder-20&linkCode=osi&th=1&psc=1">View Product</a></div><div class="product"><a href="https://www.amazon.com/dp/B00UZE80N0?tag=eloabder-20&linkCode=osi&th=1&psc=1"><img src="https://m.media-amazon.com/images/I/31FG83SK9SL._SL500_.jpg" alt="Product Image"></a><p>Chemical Guys SPI_193_16 Convertible Top Protectant and Repellent, (Helps Prevent Fading & Discoloration on Fabric Sot Tops) 16 fl oz (Packaging May Vary)</p><p>$19.99 ($1.25 / Fl Oz)</p><a href="https://www.amazon.com/dp/B00UZE80N0?tag=eloabder-20&linkCode=osi&th=1&psc=1">View Product</a></div><div class="product"><a href="https://www.amazon.com/dp/B00UZE8C1A?tag=eloabder-20&linkCode=osi&th=1&psc=1"><img src="https://m.media-amazon.com/images/I/31aLnXKZxfL._SL500_.jpg" alt="Product Image"></a><p>Chemical Guys ACC_S94 Convertible Top Horse Hair Cleaning Brush, Safe for Cloth Soft Tops, Upholstery, Leather, Furniture, & More</p><p>$14.99</p><a href="https://www.amazon.com/dp/B00UZE8C1A?tag=eloabder-20&linkCode=osi&th=1&psc=1">View Product</a></div><div class="product"><a href="https://www.amazon.com/dp/B000A8JNF0?tag=eloabder-20&linkCode=osi&th=1&psc=1"><img src="https://m.media-amazon.com/images/I/51PLChiVIrL._SL500_.jpg" alt="Product Image"></a><p>303 Products Convertible Fabric Top Cleaning and Care Kit - Cleans And Protects Fabric Tops - Includes Tonneau Cover And Convertible Top Cleaner 16 fl. oz. + Fabric Guard, (30520)</p><p>$32.79 ($1.02 / Fl Oz)</p><a href="https://www.amazon.com/dp/B000A8JNF0?tag=eloabder-20&linkCode=osi&th=1&psc=1">View Product</a></div>
<div class="product"><a href="https://www.amazon.com/dp/B0BCQ1XMWV?tag=eloabder-20&linkCode=osi&th=1&psc=1"><img src="https://m.media-amazon.com/images/I/41lV6Au-S9L._SL500_.jpg" alt="Product Image"></a><p>EMITHSUN® Windshield Wiper Blades Replacement for Honda Civic Coupe 2 Door 2005-2011,That Meet OEM Quality Front Wipers Blade Set for My Car-28"+24"(Set of 2)</p><p>$19.99</p><a href="https://www.amazon.com/dp/B0BCQ1XMWV?tag=eloabder-20&linkCode=osi&th=1&psc=1">View Product</a></div>
<div class="product"><a href="https://www.amazon.com/dp/B00I8ITVZG?tag=eloabder-20&linkCode=osi&th=1&psc=1"><img src="https://m.media-amazon.com/images/I/41TXd564pcL._SL500_.jpg" alt="Product Image"></a><p>ECOGARD XC36067 Premium Cabin Air Filter Fits Hyundai Genesis 2009-2016, Equus 2011-2016 | Genesis G80 2017-2021, G90 2019-2021, GV80 2021 | Kia K900 2020</p><p>$10.98</p><a href="https://www.amazon.com/dp/B00I8ITVZG?tag=eloabder-20&linkCode=osi&th=1&psc=1">View Product</a></div>

<div class="product"><a href="https://www.amazon.com/dp/B097C3NCP1?tag=eloabder-20&linkCode=osi&th=1&psc=1"><img src="https://m.media-amazon.com/images/I/41GXST2+s6L._SL500_.jpg" alt="Product Image"></a><p>Raidbee 12 inch Rear Wiper Blade Replacement for Toyota Corolla Hatchback 2022-2019, Nissan Versa 2019-2014 Back Windshield Wiper (H306/12-B)</p><p>$6.99</p><a href="https://www.amazon.com/dp/B097C3NCP1?tag=eloabder-20&linkCode=osi&th=1&psc=1">View Product</a></div>



<div class="product"><a href="https://www.amazon.com/dp/B0CQ4MLKHJ?tag=eloabder-20&linkCode=osi&th=1&psc=1"><img src="https://m.media-amazon.com/images/I/519f8covwQL._SL500_.jpg" alt="Product Image"></a><p>Feetiger All-in-1 Fire Extinguisher for Home, Kitchen, Car, Garage, RV, Truck, Boat, Camping, Fire Spray that Tackles Multiple Types of Fire, 2pack</p><p>$39.99</p><a href="https://www.amazon.com/dp/B0CQ4MLKHJ?tag=eloabder-20&linkCode=osi&th=1&psc=1">View Product</a></div>
<div class="product"><a href="https://www.amazon.com/dp/B07TS4JV6H?tag=eloabder-20&linkCode=osi&th=1&psc=1"><img src="https://m.media-amazon.com/images/I/412htpDd6fL._SL500_.jpg" alt="Product Image"></a><p>Police Flag Air Freshener, New Car Scent, 6-Pack</p><p>$9.99 ($1.66 / Count)</p><a href="https://www.amazon.com/dp/B07TS4JV6H?tag=eloabder-20&linkCode=osi&th=1&psc=1">View Product</a></div>


<div class="product"><a href="https://www.amazon.com/dp/B009EU5ZNO?tag=eloabder-20&linkCode=osi&th=1&psc=1"><img src="https://m.media-amazon.com/images/I/515MJLZbnoL._SL500_.jpg" alt="Product Image"></a><p>J-B Weld 50133 Plastic Bonder Structural Adhesive Syringe - Tan - 25 ml</p><p>$6.98 ($8.21 / Fl Oz)</p><a href="https://www.amazon.com/dp/B009EU5ZNO?tag=eloabder-20&linkCode=osi&th=1&psc=1">View Product</a></div>



<div class="product"><a href="https://www.amazon.com/dp/B09P6YZP72?tag=eloabder-20&linkCode=osi&th=1&psc=1"><img src="https://m.media-amazon.com/images/I/416rlvu+ayL._SL500_.jpg" alt="Product Image"></a><p>AUTOBOO 26"+20" Windshield Wipers with 16" Rear Wiper Blade Replacement for Dodge Grand Caravan 2008-2012 2013 2014 2015 2016 2017 2018 2019 -Original Factory Quality (Pack of 3)</p><p>$23.99</p><a href="https://www.amazon.com/dp/B09P6YZP72?tag=eloabder-20&linkCode=osi&th=1&psc=1">View Product</a></div><div class="product"><a href="https://www.amazon.com/dp/B0BLYQBDS8?tag=eloabder-20&linkCode=osi&th=1&psc=1"><img src="https://m.media-amazon.com/images/I/51SbpSR2zBL._SL500_.jpg" alt="Product Image"></a><p>A-Premium Engine Air Filter Compatible with Chrysler Town & Country & Dodge Grand Caravan & Ram C/V & Volkswagen Routan, 2011-2020, Flexible Panel, Replace# 4861737AA</p><p>$12.99</p><a href="https://www.amazon.com/dp/B0BLYQBDS8?tag=eloabder-20&linkCode=osi&th=1&psc=1">View Product</a></div>
<div class="product"><a href="https://www.amazon.com/dp/B001FCB4JS?tag=eloabder-20&linkCode=osi&th=1&psc=1"><img src="https://m.media-amazon.com/images/I/21wq6fxqiVL._SL500_.jpg" alt="Product Image"></a><p>Dicor BT-1834-1 Butyl Seal Tape - 1/8" x 3/4" x 30' Repair Tape for RV, Trailer, Motorhome, Window, and Vent Sealing</p><p>$13.15 ($0.44 / Foot)</p><a href="https://www.amazon.com/dp/B001FCB4JS?tag=eloabder-20&linkCode=osi&th=1&psc=1">View Product</a></div>
<div class="product"><a href="https://www.amazon.com/dp/B000BUQOD6?tag=eloabder-20&linkCode=osi&th=1&psc=1"><img src="https://m.media-amazon.com/images/I/41O0CoP1L3L._SL500_.jpg" alt="Product Image"></a><p>Camco Camper/RV Toilet Paper | Sewer-Safe, Septic-Safe & Biodegradable | Designed for Camper, Trailer & Marine Sanitation Systems | 1-Ply Tissue | 4 Toilet Paper Rolls – 280 Sheets per Roll (40275)</p><p>$5.99 ($2.14 / 100 Sheets)</p><a href="https://www.amazon.com/dp/B000BUQOD6?tag=eloabder-20&linkCode=osi&th=1&psc=1">View Product</a></div><div class="product"><a href="https://www.amazon.com/dp/B007JG1W1E?tag=eloabder-20&linkCode=osi&th=1&psc=1"><img src="https://m.media-amazon.com/images/I/41i-j99E9ML._SL500_.jpg" alt="Product Image"></a><p>Camco TST Camper / RV Grey Water Odor Control - Removes Grease Buildup in Gray Water Tank, Sink & Shower Drains - 4oz Treats 40-Gal Holding Tank - Safe Septic Tank Treatment - Lemon, 64 oz (40256)</p><p>$19.94 ($0.31 / Fl Oz)</p><a href="https://www.amazon.com/dp/B007JG1W1E?tag=eloabder-20&linkCode=osi&th=1&psc=1">View Product</a></div><div class="product"><a href="https://www.amazon.com/dp/B016V2OSD0?tag=eloabder-20&linkCode=osi&th=1&psc=1"><img src="https://m.media-amazon.com/images/I/31Jm99RYVXL._SL500_.jpg" alt="Product Image"></a><p>Camco TST MAX RV Toilet Treatment Drop-INs | Control Unwanted Odors and Break Down Waste and Tissue | Septic Tank Safe | Lavender Scent | 15-pack (41559)</p><p>$11.97 ($0.80 / Count)</p><a href="https://www.amazon.com/dp/B016V2OSD0?tag=eloabder-20&linkCode=osi&th=1&psc=1">View Product</a></div>






<div class="product"><a href="https://www.amazon.com/dp/B006GJYOL0?tag=eloabder-20&linkCode=osi&th=1&psc=1"><img src="https://m.media-amazon.com/images/I/41YPjiCzDfL._SL500_.jpg" alt="Product Image"></a><p>Boat Bling HS-0128 Hot Sauce Hard Water Spot Remover, Gallon Refill, for Boats, RVs, Powersport Vehicles and More, Black,1 Gallon</p><p>$54.95 ($0.43 / Fl Oz)</p><a href="https://www.amazon.com/dp/B006GJYOL0?tag=eloabder-20&linkCode=osi&th=1&psc=1">View Product</a></div><div class="product"><a href="https://www.amazon.com/dp/B0000AXVCB?tag=eloabder-20&linkCode=osi&th=1&psc=1"><img src="https://m.media-amazon.com/images/I/51gtsDb7zDL._SL500_.jpg" alt="Product Image"></a><p>Meguiar's M4364 Marine/RV Boat Wash - 64 Oz Container</p><p>$13.99 ($0.22 / Fl Oz)</p><a href="https://www.amazon.com/dp/B0000AXVCB?tag=eloabder-20&linkCode=osi&th=1&psc=1">View Product</a></div><div class="product"><a href="https://www.amazon.com/dp/B0007TR47G?tag=eloabder-20&linkCode=osi&th=1&psc=1"><img src="https://m.media-amazon.com/images/I/41Q4SzlVojL._SL500_.jpg" alt="Product Image"></a><p>Meguiar's Flagship Premium Marine Wax, Boat Polish and Oxidation Remover - 32 Oz Bottle</p><p>$21.49</p><a href="https://www.amazon.com/dp/B0007TR47G?tag=eloabder-20&linkCode=osi&th=1&psc=1">View Product</a></div><div class="product"><a href="https://www.amazon.com/dp/B006GJYLFY?tag=eloabder-20&linkCode=osi&th=1&psc=1"><img src="https://m.media-amazon.com/images/I/31G78TSjssL._SL500_.jpg" alt="Product Image"></a><p>Boat Bling Condition Sauce Premium Interior Moisturizer w/UV Protection, 32 oz.</p><p>$27.95</p><a href="https://www.amazon.com/dp/B006GJYLFY?tag=eloabder-20&linkCode=osi&th=1&psc=1">View Product</a></div><div class="product"><a href="https://www.amazon.com/dp/B006GJYKWI?tag=eloabder-20&linkCode=osi&th=1&psc=1"><img src="https://m.media-amazon.com/images/I/41AcDanNz-L._SL500_.jpg" alt="Product Image"></a><p>Boat Bling VS-0032 Vinyl Sauce Premium Vinyl and Leather Cleaner, 32 Oz., for Boats, RVs, Powersport Vehicles and More</p><p>$22.95 ($0.72 / Fl Oz)</p><a href="https://www.amazon.com/dp/B006GJYKWI?tag=eloabder-20&linkCode=osi&th=1&psc=1">View Product</a></div>
<div class="product"><a href="https://www.amazon.com/dp/B004OJTEKK?tag=eloabder-20&linkCode=osi&th=1&psc=1"><img src="https://m.media-amazon.com/images/I/41q8kkNiKOL._SL500_.jpg" alt="Product Image"></a><p>Shurhold Yacht Brite YBP-0302 Brite Wash - 1 Gallon</p><p>$23.97 ($0.19 / Fl Oz)</p><a href="https://www.amazon.com/dp/B004OJTEKK?tag=eloabder-20&linkCode=osi&th=1&psc=1">View Product</a></div>




<div class="product"><a href="https://www.amazon.com/dp/B0B2RDZNZB?tag=eloabder-20&linkCode=osi&th=1&psc=1"><img src="https://m.media-amazon.com/images/I/51RVSUoRuGL._SL500_.jpg" alt="Product Image"></a><p>Fancemot Helicopter Car Air Fresheners Rotating Solar Car Fresheners Airplane Car Perfume (Osmanthus & Vanilla)</p><p>$14.08</p><a href="https://www.amazon.com/dp/B0B2RDZNZB?tag=eloabder-20&linkCode=osi&th=1&psc=1">View Product</a></div><div class="product"><a href="https://www.amazon.com/dp/B0994PG1ZD?tag=eloabder-20&linkCode=osi&th=1&psc=1"><img src="https://m.media-amazon.com/images/I/413er0A8cVS._SL500_.jpg" alt="Product Image"></a><p>NICEADA Car Air Freshener, Helicopter Solar Energy Rotating Aromatherapy Aviation Al Alloy Diffuser, Interior Decoration Accessories Diffuser for Car and Home (Silver)</p><p>$23.99</p><a href="https://www.amazon.com/dp/B0994PG1ZD?tag=eloabder-20&linkCode=osi&th=1&psc=1">View Product</a></div><div class="product"><a href="https://www.amazon.com/dp/B09ZTMZKSJ?tag=eloabder-20&linkCode=osi&th=1&psc=1"><img src="https://m.media-amazon.com/images/I/41rz5PydC9L._SL500_.jpg" alt="Product Image"></a><p>Air Freshener, Gigicloud Car Fragrance Diffuser Solar Rotating Automotive Air Fresheners Ornament Helicopter Shape Solid Aromatherapy Decoration for Car and Home (Black)</p><p>$15.49</p><a href="https://www.amazon.com/dp/B09ZTMZKSJ?tag=eloabder-20&linkCode=osi&th=1&psc=1">View Product</a></div><div class="product"><a href="https://www.amazon.com/dp/B0CWNNPCD3?tag=eloabder-20&linkCode=osi&th=1&psc=1"><img src="https://m.media-amazon.com/images/I/51nznnJJhfL._SL500_.jpg" alt="Product Image"></a><p>Car Air Freshener Diffuser, KaiDengZhe 1PCS Helicopter Solar Energy Rotating Aromatherapy Aviation Al Alloy Diffuser, Car Diffuser for Essential Oils, Relieve Stress and Purifie Odors for Car and Home</p><p>$15.99</p><a href="https://www.amazon.com/dp/B0CWNNPCD3?tag=eloabder-20&linkCode=osi&th=1&psc=1">View Product</a></div><div class="product"><a href="https://www.amazon.com/dp/B0B8T47G65?tag=eloabder-20&linkCode=osi&th=1&psc=1"><img src="https://m.media-amazon.com/images/I/41d6cgVheqL._SL500_.jpg" alt="Product Image"></a><p>Joyfunky Car Air Fresheners with Solar Rotating, Creative Car Perfume Decoration, Relieve Stress and Purifie Odors, Use at Car, office and Home, Silver</p><p>$12.99</p><a href="https://www.amazon.com/dp/B0B8T47G65?tag=eloabder-20&linkCode=osi&th=1&psc=1">View Product</a></div><div class="product"><a href="https://www.amazon.com/dp/B0D4ZHJVK8?tag=eloabder-20&linkCode=osi&th=1&psc=1"><img src="https://m.media-amazon.com/images/I/41sEhsjtb4L._SL500_.jpg" alt="Product Image"></a><p>NICEADA Helicopter Solar Car Air Freshener Refill Set, Solar Essential Oil Refill Perfume Oil for Car Air Fresheners(4 Packs)</p><p>$21.99 ($24.99 / Fl Oz)</p><a href="https://www.amazon.com/dp/B0D4ZHJVK8?tag=eloabder-20&linkCode=osi&th=1&psc=1">View Product</a></div><div class="product"><a href="https://www.amazon.com/dp/B0D251XW47?tag=eloabder-20&linkCode=osi&th=1&psc=1"><img src="https://m.media-amazon.com/images/I/41x6lmNq9fL._SL500_.jpg" alt="Product Image"></a><p>Helicopter Car Air Fresheners with Solar Rotating, Creative Car Perfume Decoration, Car Airplane Fragrance Diffuser for Car, Home, Office (Silver)</p><p>$13.09</p><a href="https://www.amazon.com/dp/B0D251XW47?tag=eloabder-20&linkCode=osi&th=1&psc=1">View Product</a></div>

<div class="product"><a href="https://www.amazon.com/dp/B0D4154TQG?tag=eloabder-20&linkCode=osi&th=1&psc=1"><img src="https://m.media-amazon.com/images/I/217Iw-nO3UL._SL500_.jpg" alt="Product Image"></a><p>RV Curtain Glide Tape A115, 1/2 Inch Glides Clear RV Curtain Strip Curtain Slide Tape 72 Inches Long Use with Ceiling or Wall Mount Curtain Track A201 A202 (2 Pack)</p><p>$17.99</p><a href="https://www.amazon.com/dp/B0D4154TQG?tag=eloabder-20&linkCode=osi&th=1&psc=1">View Product</a></div>
<div class="product"><a href="https://www.amazon.com/dp/B08W4PQN8L?tag=eloabder-20&linkCode=osi&th=1&psc=1"><img src="https://m.media-amazon.com/images/I/41udmrd6QTL._SL500_.jpg" alt="Product Image"></a><p>Hot Air Balloon Novelty Air Freshener for Car - Sandalwood Scented Automotive Accessory New Mexico Souvenir Gift (Pack of 4)</p><p>$7.99 ($2.00 / Count)</p><a href="https://www.amazon.com/dp/B08W4PQN8L?tag=eloabder-20&linkCode=osi&th=1&psc=1">View Product</a></div>















<div class="product"><a href="https://www.amazon.com/dp/B0CP87K2VD?tag=eloabder-20&linkCode=osi&th=1&psc=1"><img src="https://m.media-amazon.com/images/I/41dTH4OPkcL._SL500_.jpg" alt="Product Image"></a><p>For harley air cleaner filter Touring street glide road king electra tri trike Dyna Sportster XL 883 1200 Softail air intake (Drift style -Contrast Cut, C-For Touring 08-16, Softail 16-17)</p><p>$125.00</p><a href="https://www.amazon.com/dp/B0CP87K2VD?tag=eloabder-20&linkCode=osi&th=1&psc=1">View Product</a></div><div class="product"><a href="https://www.amazon.com/dp/B08DNLNY3G?tag=eloabder-20&linkCode=osi&th=1&psc=1"><img src="https://m.media-amazon.com/images/I/51baNj3o8CL._SL500_.jpg" alt="Product Image"></a><p>2963308 HD1508 Ultra Classic Air Filter Cleaner for 2008-2014 Harley Davidson Street Glide, Electra Glide, Road King, Road Glide Custom, Ultra Classic and other select models HD-1508</p><p>$21.99</p><a href="https://www.amazon.com/dp/B08DNLNY3G?tag=eloabder-20&linkCode=osi&th=1&psc=1">View Product</a></div><div class="product"><a href="https://www.amazon.com/dp/B0CQ2KKC3N?tag=eloabder-20&linkCode=osi&th=1&psc=1"><img src="https://m.media-amazon.com/images/I/31W2a0gAwIL._SL500_.jpg" alt="Product Image"></a><p>High-Flo Replacement Air Filter Element For Ventilator - Milwaukee-Eight Engine '18-later Softail and '17-later Touring and Trike Models Equipped with 114 Air Cleaner</p><p>$39.99</p><a href="https://www.amazon.com/dp/B0CQ2KKC3N?tag=eloabder-20&linkCode=osi&th=1&psc=1">View Product</a></div><div class="product"><a href="https://www.amazon.com/dp/B0CPJ5BSGM?tag=eloabder-20&linkCode=osi&th=1&psc=1"><img src="https://m.media-amazon.com/images/I/41cUadnGKpL._SL500_.jpg" alt="Product Image"></a><p>For harley air cleaner filter sportster street road glide king for harley davidson motorcycle air intake (Nake style -Black, A-For Sportster XL models)</p><p>$169.00</p><a href="https://www.amazon.com/dp/B0CPJ5BSGM?tag=eloabder-20&linkCode=osi&th=1&psc=1">View Product</a></div><div class="product"><a href="https://www.amazon.com/dp/B0CR17NS1M?tag=eloabder-20&linkCode=osi&th=1&psc=1"><img src="https://m.media-amazon.com/images/I/41n57oM0A-L._SL500_.jpg" alt="Product Image"></a><p>For harley air cleaner filter Sportster Softail Touring street road king glide Dyna for harley davidson air intake filters (Speed 7 style -gray filter, C-For Touring 08-16, Softail 16-17)</p><p>$89.00</p><a href="https://www.amazon.com/dp/B0CR17NS1M?tag=eloabder-20&linkCode=osi&th=1&psc=1">View Product</a></div><div class="product"><a href="https://www.amazon.com/dp/B0CR167HDN?tag=eloabder-20&linkCode=osi&th=1&psc=1"><img src="https://m.media-amazon.com/images/I/41o4byfzbRL._SL500_.jpg" alt="Product Image"></a><p>For harley davidson air cleaner filter sportster Touring street glide road king electra Dyna Softail motorcycle air intake (Chromed- gray filter, C-For Touring 2008-2016)</p><p>$99.00</p><a href="https://www.amazon.com/dp/B0CR167HDN?tag=eloabder-20&linkCode=osi&th=1&psc=1">View Product</a></div>







<div class="product"><a href="https://www.amazon.com/dp/B08WH8CWDM?tag=eloabder-20&linkCode=osi&th=1&psc=1"><img src="https://m.media-amazon.com/images/I/41Jj3ouB+1L._SL500_.jpg" alt="Product Image"></a><p>Glaze 'N Seal Color Enhancer Paver Sealer, 1 Gallon (923)</p><p>$62.99</p><a href="https://www.amazon.com/dp/B08WH8CWDM?tag=eloabder-20&linkCode=osi&th=1&psc=1">View Product</a></div>

<div class="product"><a href="https://www.amazon.com/dp/B0B58G8WRX?tag=eloabder-20&linkCode=osi&th=1&psc=1"><img src="https://m.media-amazon.com/images/I/41hjxJMTGJL._SL500_.jpg" alt="Product Image"></a><p>Solarhome Air Filter 333-D2696 333D2696 Compatible with JCB Backhoe Loader 3CX 4CX Telehandler 531-70</p><p>$34.50</p><a href="https://www.amazon.com/dp/B0B58G8WRX?tag=eloabder-20&linkCode=osi&th=1&psc=1">View Product</a></div>




<div class="product"><a href="https://www.amazon.com/dp/B07G7XG6BV?tag=eloabder-20&linkCode=osi&th=1&psc=1"><img src="https://m.media-amazon.com/images/I/510tZGutn6L._SL500_.jpg" alt="Product Image"></a><p>Holikme 6Pack Cleaning Brush Power Scrubber Cleaning Brush Extended Long Attachment Set All Purpose Scrub Brushes Kit for Grout, Floor, Tub, Shower, Tile, Bathroom,Car Cleaning Brush，Yellow</p><p>$6.95</p><a href="https://www.amazon.com/dp/B07G7XG6BV?tag=eloabder-20&linkCode=osi&th=1&psc=1">View Product</a></div>



<div class="product"><a href="https://www.amazon.com/dp/B000FW2NWQ?tag=eloabder-20&linkCode=osi&th=1&psc=1"><img src="https://m.media-amazon.com/images/I/31VlBDw7uDL._SL500_.jpg" alt="Product Image"></a><p>Performance Tool W233 12-Inch Long Reach Extension Scraper with 3pc Double Edged Plastic Razor Scraper Blades and 3pc Carbon Steel Razor Scraper Blades</p><p>$10.31</p><a href="https://www.amazon.com/dp/B000FW2NWQ?tag=eloabder-20&linkCode=osi&th=1&psc=1">View Product</a></div>
<div class="product"><a href="https://www.amazon.com/dp/B0BV2CQ5SW?tag=eloabder-20&linkCode=osi&th=1&psc=1"><img src="https://m.media-amazon.com/images/I/51VkTDjGg4L._SL500_.jpg" alt="Product Image"></a><p>Filterelated Mixed Bed Deionized Di Resin Filter Fill, Suitable For Spotless Car Wash System Filter Change, Tds Filter, Aquarium Filter, Deionized Car Wash,5 Liters</p><p>$49.99</p><a href="https://www.amazon.com/dp/B0BV2CQ5SW?tag=eloabder-20&linkCode=osi&th=1&psc=1">View Product</a></div><div class="product"><a href="https://www.amazon.com/dp/B01MRVQ9UE?tag=eloabder-20&linkCode=osi&th=1&psc=1"><img src="https://m.media-amazon.com/images/I/51+i6fjU6tL._SL500_.jpg" alt="Product Image"></a><p>Husqvarna XP Pre-Mixed Fuel and Engine Oil Quart (3 Pack),Blue</p><p>$32.99 ($0.34 / Count)</p><a href="https://www.amazon.com/dp/B01MRVQ9UE?tag=eloabder-20&linkCode=osi&th=1&psc=1">View Product</a></div>




<div class="product"><a href="https://www.amazon.com/dp/B01N2G2NEJ?tag=eloabder-20&linkCode=osi&th=1&psc=1"><img src="https://m.media-amazon.com/images/I/41-5g4zEDpL._SL500_.jpg" alt="Product Image"></a><p>Chemical Guys SPI10816 Heavy Duty Water Spot Remover, Safe for Cars, Trucks, Motorcycles, RVs & More, 16 fl oz</p><p>$17.97 ($1.12 / Fl Oz)</p><a href="https://www.amazon.com/dp/B01N2G2NEJ?tag=eloabder-20&linkCode=osi&th=1&psc=1">View Product</a></div>









<div class="product"><a href="https://www.amazon.com/dp/B08YRVH2QV?tag=eloabder-20&linkCode=osi&th=1&psc=1"><img src="https://m.media-amazon.com/images/I/5164O-Jr2QL._SL500_.jpg" alt="Product Image"></a><p>Thetford AquaMAX Summer Cypress Scent RV Holding Tank Treatment, Formaldehyde Free, Waste Digester, Septic Tank Safe, 5 Gallon Bottle (96754)</p><p>$248.18</p><a href="https://www.amazon.com/dp/B08YRVH2QV?tag=eloabder-20&linkCode=osi&th=1&psc=1">View Product</a></div><div class="product"><a href="https://www.amazon.com/dp/B0BPMW7485?tag=eloabder-20&linkCode=osi&th=1&psc=1"><img src="https://m.media-amazon.com/images/I/51WNuQeew7L._SL500_.jpg" alt="Product Image"></a><p>XFasten Butyl Tape Black 1/2” x 30’ x 1/8" Butyl Sealant Tape Headlight Sealant Putty Tape | Black Butyl Caulking Tape | Butyl Tape RV Putty Tape EPDM Automotive Butyl Rubber Window Sealant for RV</p><p>$13.99 ($0.47 / Foot)</p><a href="https://www.amazon.com/dp/B0BPMW7485?tag=eloabder-20&linkCode=osi&th=1&psc=1">View Product</a></div>
<div class="product"><a href="https://www.amazon.com/dp/B006DXWZQU?tag=eloabder-20&linkCode=osi&th=1&psc=1"><img src="https://m.media-amazon.com/images/I/41wtqfFFfQL._SL500_.jpg" alt="Product Image"></a><p>FRAM Ultra Synthetic Automotive Replacement Oil Filter, Designed for Synthetic Oil Changes Lasting up to 20k Miles, XG10575 with SureGrip (Pack of 1)</p><p>$10.79</p><a href="https://www.amazon.com/dp/B006DXWZQU?tag=eloabder-20&linkCode=osi&th=1&psc=1">View Product</a></div><div class="product"><a href="https://www.amazon.com/dp/B01LH7L0XA?tag=eloabder-20&linkCode=osi&th=1&psc=1"><img src="https://m.media-amazon.com/images/I/41yD3QmbyZL._SL500_.jpg" alt="Product Image"></a><p>Shell Rotella T4 Triple Protection Conventional 15W-40 Diesel Engine Oil (1-Gallon, Single Pack)</p><p>$15.98 ($0.12 / Fl Oz)</p><a href="https://www.amazon.com/dp/B01LH7L0XA?tag=eloabder-20&linkCode=osi&th=1&psc=1">View Product</a></div><div class="product"><a href="https://www.amazon.com/dp/B00ICSWGJ0?tag=eloabder-20&linkCode=osi&th=1&psc=1"><img src="https://m.media-amazon.com/images/I/41Ahz5dVc5L._SL500_.jpg" alt="Product Image"></a><p>Castrol Edge 5W-30 Advanced Full Synthetic Motor Oil, 5 Quarts</p><p>$24.72 ($0.15 / Fl Oz)</p><a href="https://www.amazon.com/dp/B00ICSWGJ0?tag=eloabder-20&linkCode=osi&th=1&psc=1">View Product</a></div><div class="product"><a href="https://www.amazon.com/dp/B01N8RPDT8?tag=eloabder-20&linkCode=osi&th=1&psc=1"><img src="https://m.media-amazon.com/images/I/41Qm+9e8sCL._SL500_.jpg" alt="Product Image"></a><p>Motorcraft - Oil - Engine (XO10W305Q3SD)</p><p>$32.27</p><a href="https://www.amazon.com/dp/B01N8RPDT8?tag=eloabder-20&linkCode=osi&th=1&psc=1">View Product</a></div>
<div class="product"><a href="https://www.amazon.com/dp/B07FTRZLM5?tag=eloabder-20&linkCode=osi&th=1&psc=1"><img src="https://m.media-amazon.com/images/I/416uoNYOsXL._SL500_.jpg" alt="Product Image"></a><p>Chemical Guys HOL126 14-Piece Arsenal Builder Car Wash Kit with Foam Gun, Bucket, and (5) 16 oz Car Care Cleaning Chemicals, Gift for Car & Truck Lovers, Dads and DIYers (Works w/Garden Hose)</p><p>$119.99</p><a href="https://www.amazon.com/dp/B07FTRZLM5?tag=eloabder-20&linkCode=osi&th=1&psc=1">View Product</a></div><div class="product"><a href="https://www.amazon.com/dp/B0741RL23Q?tag=eloabder-20&linkCode=osi&th=1&psc=1"><img src="https://m.media-amazon.com/images/I/410wwKZBYVL._SL500_.jpg" alt="Product Image"></a><p>Chemical Guys SPI220 Total Interior Cleaner and Protectant, Safe for Cars, Trucks, SUVs, Jeeps, Motorcycles, RVs & More, 128 fl oz (1 Gallon)</p><p>$54.99 ($0.43 / Fl Oz)</p><a href="https://www.amazon.com/dp/B0741RL23Q?tag=eloabder-20&linkCode=osi&th=1&psc=1">View Product</a></div><div class="product"><a href="https://www.amazon.com/dp/B002J7VX4Y?tag=eloabder-20&linkCode=osi&th=1&psc=1"><img src="https://m.media-amazon.com/images/I/41oijnffQ0L._SL500_.jpg" alt="Product Image"></a><p>Chemical Guys AIR_101_16 New Car Smell Premium Air Freshener and Odor Eliminator, Long-Lasting Scent, Great for Cars, Trucks, SUVs, RVs & More, 16 fl oz</p><p>$10.99 ($0.69 / Fl Oz)</p><a href="https://www.amazon.com/dp/B002J7VX4Y?tag=eloabder-20&linkCode=osi&th=1&psc=1">View Product</a></div><div class="product"><a href="https://www.amazon.com/dp/B077TPG55M?tag=eloabder-20&linkCode=osi&th=1&psc=1"><img src="https://m.media-amazon.com/images/I/51aYksYRthL._SL500_.jpg" alt="Product Image"></a><p>Chemical Guys CWS20264 Tough Mudder Foaming Truck, Off Road, ATV and RV Heavy Duty Wash Soap,(Works with Foam Cannons, Foam Guns or Bucket Washes), 64 fl oz (Half Gallon), Lemon Scent</p><p>$39.99 ($0.62 / Fl Oz)</p><a href="https://www.amazon.com/dp/B077TPG55M?tag=eloabder-20&linkCode=osi&th=1&psc=1">View Product</a></div><div class="product"><a href="https://www.amazon.com/dp/B00BJCAPEE?tag=eloabder-20&linkCode=osi&th=1&psc=1"><img src="https://m.media-amazon.com/images/I/416RIPKVW1L._SL500_.jpg" alt="Product Image"></a><p>Chemical Guys CWS_402 Mr. Pink Foaming Car Wash Soap (Works with Foam Cannons, Foam Guns or Bucket Washes) Safe for Cars, Trucks, Motorcycles, RVs & More, 128 fl oz, Candy Scent</p><p>$39.99 ($0.31 / Fl Oz)</p><a href="https://www.amazon.com/dp/B00BJCAPEE?tag=eloabder-20&linkCode=osi&th=1&psc=1">View Product</a></div><div class="product"><a href="https://www.amazon.com/dp/B01C6AISUK?tag=eloabder-20&linkCode=osi&th=1&psc=1"><img src="https://m.media-amazon.com/images/I/41FrDCDPB6S._SL500_.jpg" alt="Product Image"></a><p>Chemical Guys CLD_700_16 Mat Renew Rubber + Vinyl Floor Mat Cleaner And Protectant, Safe for Cars, Trucks, SUVs, Motorcycles, RVs & More, 16 fl oz</p><p>$10.99 ($0.69 / Fl Oz)</p><a href="https://www.amazon.com/dp/B01C6AISUK?tag=eloabder-20&linkCode=osi&th=1&psc=1">View Product</a></div><div class="product"><a href="https://www.amazon.com/dp/B01N76S0A7?tag=eloabder-20&linkCode=osi&th=1&psc=1"><img src="https://m.media-amazon.com/images/I/51jurhYPCgL._SL500_.jpg" alt="Product Image"></a><p>Chemical Guys HOL131 Premium Chenille Microfiber Car Wash Mop and Heavy Duty Extendable Pole Kit (Great for RVs, Trucks, SUVs, Jeeps & Large Vehicles), With Mr. Pink Foaming Car Wash Soap - 4 fl oz</p><p>$49.99</p><a href="https://www.amazon.com/dp/B01N76S0A7?tag=eloabder-20&linkCode=osi&th=1&psc=1">View Product</a></div><div class="product"><a href="https://www.amazon.com/dp/B009OTW646?tag=eloabder-20&linkCode=osi&th=1&psc=1"><img src="https://m.media-amazon.com/images/I/41lG36UqLBL._SL500_.jpg" alt="Product Image"></a><p>Chemical Guys CWS 110 Honeydew Snow Foam Car Wash Soap (Works with Foam Cannons, Guns or Bucket Washes) Safe for Trucks, Motorcycles, RVs & More, 128 fl oz (1 Gallon), Honeydew Scent</p><p>$39.99 ($0.31 / Fl Oz)</p><a href="https://www.amazon.com/dp/B009OTW646?tag=eloabder-20&linkCode=osi&th=1&psc=1">View Product</a></div><div class="product"><a href="https://www.amazon.com/dp/B08P54Z2C2?tag=eloabder-20&linkCode=osi&th=1&psc=1"><img src="https://m.media-amazon.com/images/I/41Ra65iS2OL._SL500_.jpg" alt="Product Image"></a><p>Chemical Guys WAC23316 HydroSpeed Ceramic Quick Detailer, Safe for Cars, Trucks, SUVs, Motorcycles, RVs & More, 16 fl oz</p><p>$24.99</p><a href="https://www.amazon.com/dp/B08P54Z2C2?tag=eloabder-20&linkCode=osi&th=1&psc=1">View Product</a></div>
<div class="product"><a href="https://www.amazon.com/dp/B0C7WLPQC7?tag=eloabder-20&linkCode=osi&th=1&psc=1"><img src="https://m.media-amazon.com/images/I/41hJeSxsSWL._SL500_.jpg" alt="Product Image"></a><p>Detail King Car Odor Removal - Chlorine Dioxide Cup - Extreme Odor Eliminator For Car - Safe And Easy To Use (3 Oz (Pack of 1) - Plastic)</p><p>$24.95 ($8.32 / Ounce)</p><a href="https://www.amazon.com/dp/B0C7WLPQC7?tag=eloabder-20&linkCode=osi&th=1&psc=1">View Product</a></div>

<div class="product"><a href="https://www.amazon.com/dp/B0052XFWCG?tag=eloabder-20&linkCode=osi&th=1&psc=1"><img src="https://m.media-amazon.com/images/I/41qajeJVXLL._SL500_.jpg" alt="Product Image"></a><p>Hot Shot's Secret HSS64Z Original Stiction Eliminator 64 Fluid Ounce Bottle, Green</p><p>$53.45 ($0.84 / Fl Oz)</p><a href="https://www.amazon.com/dp/B0052XFWCG?tag=eloabder-20&linkCode=osi&th=1&psc=1">View Product</a></div><div class="product"><a href="https://www.amazon.com/dp/B009M64CAW?tag=eloabder-20&linkCode=osi&th=1&psc=1"><img src="https://m.media-amazon.com/images/I/417D8X0nkBL._SL500_.jpg" alt="Product Image"></a><p>Lucas Oil 10679 Hot Rod & Classic Car SAE 10W-30 Motor Oil - 5 Quart</p><p>$38.50 ($0.24 / Fl Oz)</p><a href="https://www.amazon.com/dp/B009M64CAW?tag=eloabder-20&linkCode=osi&th=1&psc=1">View Product</a></div><div class="product"><a href="https://www.amazon.com/dp/B01L9ARY9O?tag=eloabder-20&linkCode=osi&th=1&psc=1"><img src="https://m.media-amazon.com/images/I/51yaZAYH75L._SL500_.jpg" alt="Product Image"></a><p>FPPF Chemical Co 00161 16 OZ HOT 4-in-1 Heating Oil Treatment (2 Bottles)</p><p>$26.42</p><a href="https://www.amazon.com/dp/B01L9ARY9O?tag=eloabder-20&linkCode=osi&th=1&psc=1">View Product</a></div><div class="product"><a href="https://www.amazon.com/dp/B009M64CUM?tag=eloabder-20&linkCode=osi&th=1&psc=1"><img src="https://m.media-amazon.com/images/I/41yiWaF8YQL._SL500_.jpg" alt="Product Image"></a><p>Lucas Oil 10683 Hot Rod & Classic Car SAE 10W-40 Motor Oil - 5 Quart</p><p>$43.24 ($0.27 / Fl Oz)</p><a href="https://www.amazon.com/dp/B009M64CUM?tag=eloabder-20&linkCode=osi&th=1&psc=1">View Product</a></div><div class="product"><a href="https://www.amazon.com/dp/B0973HNRH9?tag=eloabder-20&linkCode=osi&th=1&psc=1"><img src="https://m.media-amazon.com/images/I/41kyGGJa--L._SL500_.jpg" alt="Product Image"></a><p>Hot Shot's Secret FR3 Friction Reducer 64 Fluid Ounce 2 Quarts, Light Yellow Liquid, (HSSFR364Z)</p><p>$59.73 ($0.93 / Fl Oz)</p><a href="https://www.amazon.com/dp/B0973HNRH9?tag=eloabder-20&linkCode=osi&th=1&psc=1">View Product</a></div><div class="product"><a href="https://www.amazon.com/dp/B082YFQQ25?tag=eloabder-20&linkCode=osi&th=1&psc=1"><img src="https://m.media-amazon.com/images/I/511PTX7LlZL._SL500_.jpg" alt="Product Image"></a><p>Hot Shot's Secret Green Diamond 100 Percent Synthetic 15W40 Oil Diesel 1 Gallon</p><p>$39.99 ($0.31 / Fl Oz)</p><a href="https://www.amazon.com/dp/B082YFQQ25?tag=eloabder-20&linkCode=osi&th=1&psc=1">View Product</a></div>















<div class="product"><a href="https://www.amazon.com/dp/B08PTMXCJL?tag=eloabder-20&linkCode=osi&th=1&psc=1"><img src="https://m.media-amazon.com/images/I/410eJv-7UHL._SL500_.jpg" alt="Product Image"></a><p>Moly Grease | 3% Molybdenum Disulfide | Fifth Wheel | 5th | Automotive | Tractor | Axle | Spline | CV Joint | Lithium EP Grease | High Temp | 35 LB Pail Bucket | Black Moly | NLGI 2 | HeavyDuty Moly</p><p>$174.99 ($0.31 / Ounce)</p><a href="https://www.amazon.com/dp/B08PTMXCJL?tag=eloabder-20&linkCode=osi&th=1&psc=1">View Product</a></div><div class="product"><a href="https://www.amazon.com/dp/B08PTHJTK5?tag=eloabder-20&linkCode=osi&th=1&psc=1"><img src="https://m.media-amazon.com/images/I/41VdMjJ38aL._SL500_.jpg" alt="Product Image"></a><p>Wheel Bearing Grease Pail | Lithium Complex | High Temp EP | CV Joint | Axle | Automotive | Tractor | Truck | Ball Joint | Marine Boat | Gear | Heavy Duty | Blue | 35 LB Bucket | NLGI 2 | MultiPurpose</p><p>$167.99 ($0.30 / Ounce)</p><a href="https://www.amazon.com/dp/B08PTHJTK5?tag=eloabder-20&linkCode=osi&th=1&psc=1">View Product</a></div><div class="product"><a href="https://www.amazon.com/dp/B0013J1UA6?tag=eloabder-20&linkCode=osi&th=1&psc=1"><img src="https://m.media-amazon.com/images/I/41G0Fkf7KnL._SL500_.jpg" alt="Product Image"></a><p>CRC Food Grade Chain Lube 03055 – 12 Wt. Oz. Aerosol, NSF H1 Gear, Chain, and Wire Lubricant</p><p>$19.25 ($1.60 / Ounce)</p><a href="https://www.amazon.com/dp/B0013J1UA6?tag=eloabder-20&linkCode=osi&th=1&psc=1">View Product</a></div>





<div class="product"><a href="https://www.amazon.com/dp/B08GQ9G2V5?tag=eloabder-20&linkCode=osi&th=1&psc=1"><img src="https://m.media-amazon.com/images/I/511+rapOlWL._SL500_.jpg" alt="Product Image"></a><p>Armor All Car Air Freshener and Purifier, Car Odor Eliminator, 1.5 Ounce (Pack of 3)</p><p>$21.21 ($4.71 / Ounce)</p><a href="https://www.amazon.com/dp/B08GQ9G2V5?tag=eloabder-20&linkCode=osi&th=1&psc=1">View Product</a></div>







<div class="product"><a href="https://www.amazon.com/dp/B001229JCU?tag=eloabder-20&linkCode=osi&th=1&psc=1"><img src="https://m.media-amazon.com/images/I/31W6FuKPMcL._SL500_.jpg" alt="Product Image"></a><p>First Alert EZ Fire Spray, Extinguishing Aerosol Spray, AF400 Red 18 Ounce (Pack of 1)</p><p>$12.49</p><a href="https://www.amazon.com/dp/B001229JCU?tag=eloabder-20&linkCode=osi&th=1&psc=1">View Product</a></div><div class="product"><a href="https://www.amazon.com/dp/B002U0KGDY?tag=eloabder-20&linkCode=osi&th=1&psc=1"><img src="https://m.media-amazon.com/images/I/51p6R+mcRhL._SL500_.jpg" alt="Product Image"></a><p>First Alert EZ Fire Spray, Extinguishing Aerosol Spray, Pack of 2, AF400-2, RED</p><p>$27.02</p><a href="https://www.amazon.com/dp/B002U0KGDY?tag=eloabder-20&linkCode=osi&th=1&psc=1">View Product</a></div>
<div class="product"><a href="https://www.amazon.com/dp/B0088LVBUQ?tag=eloabder-20&linkCode=osi&th=1&psc=1"><img src="https://m.media-amazon.com/images/I/31h7l-l6u2L._SL500_.jpg" alt="Product Image"></a><p>Seymour EN-59 Hi-Tech Engine Spray Paint, General Motors Red</p><p>$9.08 ($0.76 / Ounce)</p><a href="https://www.amazon.com/dp/B0088LVBUQ?tag=eloabder-20&linkCode=osi&th=1&psc=1">View Product</a></div>




<div class="product"><a href="https://www.amazon.com/dp/B000HBNU9K?tag=eloabder-20&linkCode=osi&th=1&psc=1"><img src="https://m.media-amazon.com/images/I/41URzfKaVsL._SL500_.jpg" alt="Product Image"></a><p>Permatex 27828 Body Shop Heavy Duty Headliner Adhesive, High-Strength Spray Adhesive, Repair Detached Or Loose Interior Parts, Dries Clear, Aerosol Can, 16.75 Oz</p><p>$17.05 ($1.02 / Ounce)</p><a href="https://www.amazon.com/dp/B000HBNU9K?tag=eloabder-20&linkCode=osi&th=1&psc=1">View Product</a></div><div class="product"><a href="https://www.amazon.com/dp/B001VXXEXU?tag=eloabder-20&linkCode=osi&th=1&psc=1"><img src="https://m.media-amazon.com/images/I/5112onMwzaL._SL500_.jpg" alt="Product Image"></a><p>Vibra-TITE 213 Red VC-3 Original Threadmate, 250ml Can</p><p>$99.19</p><a href="https://www.amazon.com/dp/B001VXXEXU?tag=eloabder-20&linkCode=osi&th=1&psc=1">View Product</a></div><div class="product"><a href="https://www.amazon.com/dp/B0CWPSLTR1?tag=eloabder-20&linkCode=osi&th=1&psc=1"><img src="https://m.media-amazon.com/images/I/31ytleZjjaL._SL500_.jpg" alt="Product Image"></a><p>P & S PROFESSIONAL DETAIL PRODUCTS - Terminator Enzyme Spot and Stain Remover - Perfect for Deodorizing, Removing Embedded Soils, Grease, Dirt, and Protein-Based Stains; Fresh Scent (1 Quart)</p><p>$25.95 ($0.81 / Fl Oz)</p><a href="https://www.amazon.com/dp/B0CWPSLTR1?tag=eloabder-20&linkCode=osi&th=1&psc=1">View Product</a></div><div class="product"><a href="https://www.amazon.com/dp/B07GFNQL9H?tag=eloabder-20&linkCode=osi&th=1&psc=1"><img src="https://m.media-amazon.com/images/I/41AA3Nbt8OL._SL500_.jpg" alt="Product Image"></a><p>Gunk FEB1 Foamy Engine Brite Engine Cleaner - 17oz. 2 Pack</p><p>$17.95 ($0.53 / Ounce)</p><a href="https://www.amazon.com/dp/B07GFNQL9H?tag=eloabder-20&linkCode=osi&th=1&psc=1">View Product</a></div>



<div class="product"><a href="https://www.amazon.com/dp/B003SKCARK?tag=eloabder-20&linkCode=osi&th=1&psc=1"><img src="https://m.media-amazon.com/images/I/41rvU5irgRL._SL500_.jpg" alt="Product Image"></a><p>Obenauf's Heavy Duty LP Leather Preservative (4oz)- All Natural Beeswax Oil Conditioner- Rejuvenate Restore & Preserve Sunfaded or Cracked Boots Jackets Saddles Car Auto Upholstery Furniture- USA Made</p><p>$15.99</p><a href="https://www.amazon.com/dp/B003SKCARK?tag=eloabder-20&linkCode=osi&th=1&psc=1">View Product</a></div>
Aucun résultat trouvé.

<div class="product"><a href="https://www.amazon.com/dp/B0CLWDDWHX?tag=eloabder-20&linkCode=osi&th=1&psc=1"><img src="https://m.media-amazon.com/images/I/51HPMtia03L._SL500_.jpg" alt="Product Image"></a><p>Fire Fix Fire Extinguisher for Home 5-Pack | Made in USA | Emergency Fire Spray Foam for Apartment, Boat, Camping, Car, House, Kitchen & Vehicle | Safety & Survival | Compact, Small, Safe & Easy Use</p><p>$56.95</p><a href="https://www.amazon.com/dp/B0CLWDDWHX?tag=eloabder-20&linkCode=osi&th=1&psc=1">View Product</a></div><div class="product"><a href="https://www.amazon.com/dp/B0CKZF9H3D?tag=eloabder-20&linkCode=osi&th=1&psc=1"><img src="https://m.media-amazon.com/images/I/41+Q4YdByuL._SL500_.jpg" alt="Product Image"></a><p>Firexo All Fires Fire Extinguisher - Multipurpose Mini Aerosol - Pack of 6 - Home, Kitchen, Car, Garage, Boat, Caravan, Camping Household, ABC, Vehicle, Compact, RV, Emergency Equipment (0.1 Gal)</p><p>$139.99</p><a href="https://www.amazon.com/dp/B0CKZF9H3D?tag=eloabder-20&linkCode=osi&th=1&psc=1">View Product</a></div>
Aucun résultat trouvé.
Aucun résultat trouvé.






<div class="product"><a href="https://www.amazon.com/dp/B00FOKOKMU?tag=eloabder-20&linkCode=osi&th=1&psc=1"><img src="https://m.media-amazon.com/images/I/41KsUW-6WOL._SL500_.jpg" alt="Product Image"></a><p>The Original Leather Recoloring Balm by Furniture Clinic - 16 Colors - Leather Repair Kit for Furniture - Restore Couches, Car Seats & More - Leather Dye for Scratched and Faded Leather (Beige)</p><p>$29.95</p><a href="https://www.amazon.com/dp/B00FOKOKMU?tag=eloabder-20&linkCode=osi&th=1&psc=1">View Product</a></div>


<div class="product"><a href="https://www.amazon.com/dp/B0BQX6CPLS?tag=eloabder-20&linkCode=osi&th=1&psc=1"><img src="https://m.media-amazon.com/images/I/51OtuHOIJpL._SL500_.jpg" alt="Product Image"></a><p>Dry Stop Fire Spray by Prepared Hero - 8 Pack - Portable Fire Extinguisher for Home, Car, Garage, Kitchen - Works on Electrical, Grease, Battery Fires & More - Compact, Easy to Use</p><p>$143.99</p><a href="https://www.amazon.com/dp/B0BQX6CPLS?tag=eloabder-20&linkCode=osi&th=1&psc=1">View Product</a></div><div class="product"><a href="https://www.amazon.com/dp/B0BQX76B9K?tag=eloabder-20&linkCode=osi&th=1&psc=1"><img src="https://m.media-amazon.com/images/I/51iHCSuHw5L._SL500_.jpg" alt="Product Image"></a><p>Vapor Clean Fire Spray by Prepared Hero - 8 Pack - Portable Fire Extinguisher for Home, Car, Garage, Kitchen - Works on Electrical, Grease, Battery Fires & More - Compact, Easy to Use</p><p>$143.99</p><a href="https://www.amazon.com/dp/B0BQX76B9K?tag=eloabder-20&linkCode=osi&th=1&psc=1">View Product</a></div><div class="product"><a href="https://www.amazon.com/dp/B0C32NVZJZ?tag=eloabder-20&linkCode=osi&th=1&psc=1"><img src="https://m.media-amazon.com/images/I/61coxTM3mSL._SL500_.jpg" alt="Product Image"></a><p>Houandg Water-Based Fire Extinguisher- 2 Pack Portable Solution for All Fire Types in Homes, Vehicles, Kitchens - Prevents Re-Ignition</p><p>$33.98</p><a href="https://www.amazon.com/dp/B0C32NVZJZ?tag=eloabder-20&linkCode=osi&th=1&psc=1">View Product</a></div>
<div class="product"><a href="https://www.amazon.com/dp/B00L3W1OAO?tag=eloabder-20&linkCode=osi&th=1&psc=1"><img src="https://m.media-amazon.com/images/I/414uILMLuaL._SL500_.jpg" alt="Product Image"></a><p>Pro F/X Rubber Mask Grease Wheel - 1 Ounce - Trauma</p><p>$27.01</p><a href="https://www.amazon.com/dp/B00L3W1OAO?tag=eloabder-20&linkCode=osi&th=1&psc=1">View Product</a></div>
<div class="product"><a href="https://www.amazon.com/dp/B0CZ16SHCH?tag=eloabder-20&linkCode=osi&th=1&psc=1"><img src="https://m.media-amazon.com/images/I/31pYxaz4gYL._SL500_.jpg" alt="Product Image"></a><p>P & S PROFESSIONAL DETAIL PRODUCTS - Rehab - Paint Correction Creme Safe for All Paint Types and with Multiple pad Types - Easy-to-use-Formula Works at Any Stage of Paint Correction - 1 Quart</p><p>$56.95</p><a href="https://www.amazon.com/dp/B0CZ16SHCH?tag=eloabder-20&linkCode=osi&th=1&psc=1">View Product</a></div><div class="product"><a href="https://www.amazon.com/dp/B082BG8HLX?tag=eloabder-20&linkCode=osi&th=1&psc=1"><img src="https://m.media-amazon.com/images/I/31OAXbv7QFL._SL500_.jpg" alt="Product Image"></a><p>Lithium Auto Elixirs Color Crush- A rather intense approach to an Instant Detailer, Infused with color enhancing technology - Extremely Hydrophobic ingredients, long lasting Instant Detailer</p><p>$19.95 ($1.25 / Fl Oz)</p><a href="https://www.amazon.com/dp/B082BG8HLX?tag=eloabder-20&linkCode=osi&th=1&psc=1">View Product</a></div><div class="product"><a href="https://www.amazon.com/dp/B07MTPWZ76?tag=eloabder-20&linkCode=osi&th=1&psc=1"><img src="https://m.media-amazon.com/images/I/41v5yubrqoL._SL500_.jpg" alt="Product Image"></a><p>Lithium Seal and Squeal Paint Sealant/Polish - Incredible Shine and Lasting Protection - Curable Amino Functional Polymers Fused with Si02 Ceramic Nano Technology -Lasts for up to 12 Months (16 oz)</p><p>$39.99 ($2.50 / Ounce)</p><a href="https://www.amazon.com/dp/B07MTPWZ76?tag=eloabder-20&linkCode=osi&th=1&psc=1">View Product</a></div><div class="product"><a href="https://www.amazon.com/dp/B07MVNX377?tag=eloabder-20&linkCode=osi&th=1&psc=1"><img src="https://m.media-amazon.com/images/I/31gEqFf7rhL._SL500_.jpg" alt="Product Image"></a><p>Leather Love - The Best Leather Conditioner On The Planet, Brings Old Leather Back To Life, All Natural Ingredients Mixed With Serious Science, Restores, Rehydrates, Protects (8oz)</p><p>$28.99 ($3.62 / Ounce)</p><a href="https://www.amazon.com/dp/B07MVNX377?tag=eloabder-20&linkCode=osi&th=1&psc=1">View Product</a></div><div class="product"><a href="https://www.amazon.com/dp/B07MTQP514?tag=eloabder-20&linkCode=osi&th=1&psc=1"><img src="https://m.media-amazon.com/images/I/311IYwH-oaL._SL500_.jpg" alt="Product Image"></a><p>Trim Serum- Plastic Restorer- Restores Even the Most Damaged Plastic, Rubber and Vinyl, Last For Months, Penetrates Plastic Pores Restoring Color. (16 Oz)</p><p>$36.99</p><a href="https://www.amazon.com/dp/B07MTQP514?tag=eloabder-20&linkCode=osi&th=1&psc=1">View Product</a></div><div class="product"><a href="https://www.amazon.com/dp/B07236X7TS?tag=eloabder-20&linkCode=osi&th=1&psc=1"><img src="https://m.media-amazon.com/images/I/51-mgxYD9kL._SL500_.jpg" alt="Product Image"></a><p>Skidmore's Biker Edition Leather Cream | All Natural Formula Cleans, Conditions, and Protects your Motorcycle | Made in USA</p><p>$44.98</p><a href="https://www.amazon.com/dp/B07236X7TS?tag=eloabder-20&linkCode=osi&th=1&psc=1">View Product</a></div><div class="product"><a href="https://www.amazon.com/dp/B001CS6HH4?tag=eloabder-20&linkCode=osi&th=1&psc=1"><img src="https://m.media-amazon.com/images/I/41wY0SB+DWL._SL500_.jpg" alt="Product Image"></a><p>Fiebing's Yellow Saddle Soap for Leather (3.5 oz Tin) - Leather Cleaner & Conditioner to Soften, Protect & Restore Leathercraft - Leather Soap for Car Seat, Couch, Shoe, Purse, Boot, Bag, & Saddles</p><p>$7.15 ($2.04 / Ounce)</p><a href="https://www.amazon.com/dp/B001CS6HH4?tag=eloabder-20&linkCode=osi&th=1&psc=1">View Product</a></div><div class="product"><a href="https://www.amazon.com/dp/B08RHZ1BKD?tag=eloabder-20&linkCode=osi&th=1&psc=1"><img src="https://m.media-amazon.com/images/I/21WKh31c4tL._SL500_.jpg" alt="Product Image"></a><p>Lithium Ignite After Wash - Conditions and Shines Surfaces as You Dry. Streak-Free Hydrophobic Formula adds Lubrication to Stop Micro Scratching While Surfaces pop with Color.</p><p>$21.99 ($1.37 / Fl Oz)</p><a href="https://www.amazon.com/dp/B08RHZ1BKD?tag=eloabder-20&linkCode=osi&th=1&psc=1">View Product</a></div><div class="product"><a href="https://www.amazon.com/dp/B0003A1T3E?tag=eloabder-20&linkCode=osi&th=1&psc=1"><img src="https://m.media-amazon.com/images/I/41042PKJ1ZL._SL500_.jpg" alt="Product Image"></a><p>URAD One step All-In-One Leather conditioner 140g - NEUTRAL</p><p>$16.13</p><a href="https://www.amazon.com/dp/B0003A1T3E?tag=eloabder-20&linkCode=osi&th=1&psc=1">View Product</a></div>

<div class="product"><a href="https://www.amazon.com/dp/B0B3NFH3QY?tag=eloabder-20&linkCode=osi&th=1&psc=1"><img src="https://m.media-amazon.com/images/I/51sKVZnP-WL._SL500_.jpg" alt="Product Image"></a><p>Little Joe 96427-6PK I Love Hockey New Car Scent Red Car Air Freshener A/C Vent Clip Uses Alcohol-Free Fragrance Oil is Non-Hazardous and Non-Toxic Plastic, Pack of 6</p><p>$21.99 ($3.66 / Count)</p><a href="https://www.amazon.com/dp/B0B3NFH3QY?tag=eloabder-20&linkCode=osi&th=1&psc=1">View Product</a></div><div class="product"><a href="https://www.amazon.com/dp/B072275K82?tag=eloabder-20&linkCode=osi&th=1&psc=1"><img src="https://m.media-amazon.com/images/I/41wDnF6SiAL._SL500_.jpg" alt="Product Image"></a><p>Little Joe 96404-6PK Fruit Scent, Car Air Freshener, Clips to A/C Air Vent, Alcohol-Free Fragrance Oil, Non-Hazardous and Non-Toxic Plastic, Set of 6</p><p>$16.60 ($2.77 / Count)</p><a href="https://www.amazon.com/dp/B072275K82?tag=eloabder-20&linkCode=osi&th=1&psc=1">View Product</a></div><div class="product"><a href="https://www.amazon.com/dp/B0CQPQ2S4W?tag=eloabder-20&linkCode=osi&th=1&psc=1"><img src="https://m.media-amazon.com/images/I/31iRknmvjeL._SL500_.jpg" alt="Product Image"></a><p>Little Pup 96613 Blue Raspberry Slushy Scent Car Air Freshener A/C Vent Clip Uses Alcohol-Free Fragrance Oil is Non Hazardous and Non Toxic, Pack of 1</p><p>$3.94</p><a href="https://www.amazon.com/dp/B0CQPQ2S4W?tag=eloabder-20&linkCode=osi&th=1&psc=1">View Product</a></div><div class="product"><a href="https://www.amazon.com/dp/B0CQPNMTM4?tag=eloabder-20&linkCode=osi&th=1&psc=1"><img src="https://m.media-amazon.com/images/I/41eEovL+zML._SL500_.jpg" alt="Product Image"></a><p>Little Joe 96414-6PK Orange Creamsicle Scent Car Air Freshener A/C Vent Clip Uses Alcohol-Free Fragrance Oil is Non-Hazardous and Non-Toxic Plastic, Pack of 6</p><p>$25.99 ($4.33 / Count)</p><a href="https://www.amazon.com/dp/B0CQPNMTM4?tag=eloabder-20&linkCode=osi&th=1&psc=1">View Product</a></div><div class="product"><a href="https://www.amazon.com/dp/B0CH9KNNZN?tag=eloabder-20&linkCode=osi&th=1&psc=1"><img src="https://m.media-amazon.com/images/I/41jX66PGMTL._SL500_.jpg" alt="Product Image"></a><p>TAKAVU Clay Bars Auto Detailing 2 Pack X 100g, Premium Grade Material, Magic Clay Bar Cleaner for Cars, RV, Boat and Bus (Grey)</p><p>$9.99</p><a href="https://www.amazon.com/dp/B0CH9KNNZN?tag=eloabder-20&linkCode=osi&th=1&psc=1">View Product</a></div>

<div class="product"><a href="https://www.amazon.com/dp/B004UM6DLE?tag=eloabder-20&linkCode=osi&th=1&psc=1"><img src="https://m.media-amazon.com/images/I/314nawyx6sL._SL500_.jpg" alt="Product Image"></a><p>CARPRO IronX Iron Remover: Stops Rust Spots and Pre-Mature Failure of The Clear Coat, Iron Contaminant Removal - 500mL with Sprayer (17oz)</p><p>$26.78</p><a href="https://www.amazon.com/dp/B004UM6DLE?tag=eloabder-20&linkCode=osi&th=1&psc=1">View Product</a></div><div class="product"><a href="https://www.amazon.com/dp/B01HXZXO98?tag=eloabder-20&linkCode=osi&th=1&psc=1"><img src="https://m.media-amazon.com/images/I/41Ne9OfQGzL._SL500_.jpg" alt="Product Image"></a><p>Chemical Guys CWS80316 Clean Slate Deep Surface Cleaning Car Wash Soap (Removes Old Car Waxes, Glazes & Sealants for Superior Surface Prep), 16 fl oz, Citrus Scent</p><p>$11.99 ($0.75 / Fl Oz)</p><a href="https://www.amazon.com/dp/B01HXZXO98?tag=eloabder-20&linkCode=osi&th=1&psc=1">View Product</a></div><div class="product"><a href="https://www.amazon.com/dp/B07C39H9YX?tag=eloabder-20&linkCode=osi&th=1&psc=1"><img src="https://m.media-amazon.com/images/I/31yK3Vb5xWL._SL500_.jpg" alt="Product Image"></a><p>Adam's Polishes Iron Remover (16oz) - Iron Out Fallout Rust Remover Spray for Car Detailing | Remove Iron Particles in Car Paint, Motorcycle, RV & Boat | Use Before Clay Bar, Car Wax or Car Wash</p><p>$16.99</p><a href="https://www.amazon.com/dp/B07C39H9YX?tag=eloabder-20&linkCode=osi&th=1&psc=1">View Product</a></div><div class="product"><a href="https://www.amazon.com/dp/B0BTJ9DJM5?tag=eloabder-20&linkCode=osi&th=1&psc=1"><img src="https://m.media-amazon.com/images/I/41tNMqlDrxL._SL500_.jpg" alt="Product Image"></a><p>Torque Detail Decon Wash Pack - Decontamination Soap 8oz + Wash Mitt - Surface Strip Wash Car Shampoo - Highly Absorbent Microfiber Chenille Car Wash Mitt Safely Cleans Your Vehicles Entire Surface</p><p>$24.95 ($3.12 / Fl Oz)</p><a href="https://www.amazon.com/dp/B0BTJ9DJM5?tag=eloabder-20&linkCode=osi&th=1&psc=1">View Product</a></div><div class="product"><a href="https://www.amazon.com/dp/B013K5V9PQ?tag=eloabder-20&linkCode=osi&th=1&psc=1"><img src="https://m.media-amazon.com/images/I/41V3rm6NlZL._SL500_.jpg" alt="Product Image"></a><p>CARPRO PolyShave Decon Towel - Car Detailing Clay Decontamination Faster than Clay Bar, Clean & Release of Paint Contaminants and Glass - Increase Wax and Sealant Bond - 12" x 12" (1 Pack)</p><p>$39.97</p><a href="https://www.amazon.com/dp/B013K5V9PQ?tag=eloabder-20&linkCode=osi&th=1&psc=1">View Product</a></div><div class="product"><a href="https://www.amazon.com/dp/B0B788NBWG?tag=eloabder-20&linkCode=osi&th=1&psc=1"><img src="https://m.media-amazon.com/images/I/51NDfAOuEmL._SL500_.jpg" alt="Product Image"></a><p>P & S Professional Detail Products - Clay Decontamination Towel - Effective Cleaning & Release of Paint Contaminants; Increase Wax & Sealant Bond; Enhance Gloss & Depth of Color; Fine Grade-12" x 12"</p><p>$34.95</p><a href="https://www.amazon.com/dp/B0B788NBWG?tag=eloabder-20&linkCode=osi&th=1&psc=1">View Product</a></div><div class="product"><a href="https://www.amazon.com/dp/B0B27TFK69?tag=eloabder-20&linkCode=osi&th=1&psc=1"><img src="https://m.media-amazon.com/images/I/41zJPQIcqeL._SL500_.jpg" alt="Product Image"></a><p>The Rag Company - Ultra Clay Decontamination Mitt - Easy to Use; Effective Cleaning & Release of Paint Contaminants; Increase Wax & Sealant Bond; Enhance Gloss &Color Depth; Fine Grade (8.7"x5.7")</p><p>$34.95</p><a href="https://www.amazon.com/dp/B0B27TFK69?tag=eloabder-20&linkCode=osi&th=1&psc=1">View Product</a></div><div class="product"><a href="https://www.amazon.com/dp/B0C6XBN14N?tag=eloabder-20&linkCode=osi&th=1&psc=1"><img src="https://m.media-amazon.com/images/I/31BSavOJ89L._SL500_.jpg" alt="Product Image"></a><p>3D Iron Remover GLW Series | DIY Car Detailing | Hyper Effective Wheel Decontamination | Removes Iron Particles, Dirt, Brake Dust | Rapid Results | Ultimate Iron & Surface Contaminate Eliminator, 16oz</p><p>$17.99</p><a href="https://www.amazon.com/dp/B0C6XBN14N?tag=eloabder-20&linkCode=osi&th=1&psc=1">View Product</a></div>







<div class="product"><a href="https://www.amazon.com/dp/B0D2SPCW3G?tag=eloabder-20&linkCode=osi&th=1&psc=1"><img src="https://m.media-amazon.com/images/I/41JYIg6xqqL._SL500_.jpg" alt="Product Image"></a><p>Crankcase Ventilation Oil Separator with Gasket Compatible for 2008-2014 Volvo Mack D13 D16 MP8 Engine Replace 21122541 20499419</p><p>$155.99</p><a href="https://www.amazon.com/dp/B0D2SPCW3G?tag=eloabder-20&linkCode=osi&th=1&psc=1">View Product</a></div>

<div class="product"><a href="https://www.amazon.com/dp/B0C6M2FHGX?tag=eloabder-20&linkCode=osi&th=1&psc=1"><img src="https://m.media-amazon.com/images/I/21wWRrpHdbL._SL500_.jpg" alt="Product Image"></a><p>eMagTech 9PCS Warning Sign Please No Smoking Vaping Food Drink Stickers 110x50mm Self-Adhesive Vinyl Window Decal for Car Taxis Buses Minibuses</p><p>$9.49</p><a href="https://www.amazon.com/dp/B0C6M2FHGX?tag=eloabder-20&linkCode=osi&th=1&psc=1">View Product</a></div>

Aucun résultat trouvé.

<div class="product"><a href="https://www.amazon.com/dp/B0CVWZZMRY?tag=eloabder-20&linkCode=osi&th=1&psc=1"><img src="https://m.media-amazon.com/images/I/512y-1GwQNL._SL500_.jpg" alt="Product Image"></a><p>Jewkot 4 PCS Car Wiper Strip, 28" Boneless Structure Car Windshield Cleaning Wiper Strip, DIY Length Auxiliary Cleaning Replacement Accessory, Suitable for Most Cars, Vans, Trucks, Buses (Black)</p><p>$5.58</p><a href="https://www.amazon.com/dp/B0CVWZZMRY?tag=eloabder-20&linkCode=osi&th=1&psc=1">View Product</a></div>
<div class="product"><a href="https://www.amazon.com/dp/B07L3VQC6W?tag=eloabder-20&linkCode=osi&th=1&psc=1"><img src="https://m.media-amazon.com/images/I/41GebP+2HYL._SL500_.jpg" alt="Product Image"></a><p>BRISA VW Collection Volkswagen Air Freshener, Room Freshener, Deodorizer for Cars T1 Bus Campervan Motif (Citrus/Yellow/Set of 2)</p><p>$13.90 ($6.95 / Count)</p><a href="https://www.amazon.com/dp/B07L3VQC6W?tag=eloabder-20&linkCode=osi&th=1&psc=1">View Product</a></div><div class="product"><a href="https://www.amazon.com/dp/B07L3V86JS?tag=eloabder-20&linkCode=osi&th=1&psc=1"><img src="https://m.media-amazon.com/images/I/41TblWhKhQL._SL500_.jpg" alt="Product Image"></a><p>BRISA VW Collection Volkswagen Air Freshener, Room Freshener, Deodorizer for Cars T1 Bus Campervan Motif (New Car/Green/Set of 2)</p><p>$13.90 ($6.95 / Count)</p><a href="https://www.amazon.com/dp/B07L3V86JS?tag=eloabder-20&linkCode=osi&th=1&psc=1">View Product</a></div>


Aucun résultat trouvé.










<div class="product"><a href="https://www.amazon.com/dp/B099HL5SV2?tag=eloabder-20&linkCode=osi&th=1&psc=1"><img src="https://m.media-amazon.com/images/I/31kcR8HnylL._SL500_.jpg" alt="Product Image"></a><p>Philips GoPure GP5212 High Performance HEPA Air Purifier for Car, Removes up to 100 Pollutants, Exhaust Fumes, VOCs, Smoke, Bad Odors, Bacteria and Viruses</p><p>$77.59</p><a href="https://www.amazon.com/dp/B099HL5SV2?tag=eloabder-20&linkCode=osi&th=1&psc=1">View Product</a></div><div class="product"><a href="https://www.amazon.com/dp/B07TB419F7?tag=eloabder-20&linkCode=osi&th=1&psc=1"><img src="https://m.media-amazon.com/images/I/41l9XK-u-eL._SL500_.jpg" alt="Product Image"></a><p>Enoch Ionic Car Air Purifier with Dual USB Car Charger. Car Air Freshener Eliminates Odor, Dust. Removes Smoke, Pet and Food Odor. Ionic Ozone Car Deodorizer (Matt Black)</p><p>$24.50</p><a href="https://www.amazon.com/dp/B07TB419F7?tag=eloabder-20&linkCode=osi&th=1&psc=1">View Product</a></div><div class="product"><a href="https://www.amazon.com/dp/B08C9LKKMM?tag=eloabder-20&linkCode=osi&th=1&psc=1"><img src="https://m.media-amazon.com/images/I/41uJDRzxfrL._SL500_.jpg" alt="Product Image"></a><p>4WDKING Car Air Purifier Ionizer, 12V Plug-in Car Air Freshener Gadgets with Dual USB Charger Removes Cigarette Smoke, Pet and Food Odor, Ionic Ozone (Black)</p><p>$22.99</p><a href="https://www.amazon.com/dp/B08C9LKKMM?tag=eloabder-20&linkCode=osi&th=1&psc=1">View Product</a></div><div class="product"><a href="https://www.amazon.com/dp/B07C7D366L?tag=eloabder-20&linkCode=osi&th=1&psc=1"><img src="https://m.media-amazon.com/images/I/51GvjMcOskL._SL500_.jpg" alt="Product Image"></a><p>Car Air Purifier Ionizer - 12V Plug-in Ionic Anti-Microbial Car Deodorizer with Dual USB Charger - Smoke Smell, Pet and Food Odors, Allergens, Viruses Eliminator for Car (Matte Silver)</p><p>$24.99</p><a href="https://www.amazon.com/dp/B07C7D366L?tag=eloabder-20&linkCode=osi&th=1&psc=1">View Product</a></div><div class="product"><a href="https://www.amazon.com/dp/B086H3FW7T?tag=eloabder-20&linkCode=osi&th=1&psc=1"><img src="https://m.media-amazon.com/images/I/51FfQTz4koL._SL500_.jpg" alt="Product Image"></a><p>bmbu 1000g Large Bamboo Charcoal Air Purifier Bag - Car Deodorizer/Car Freshener - Remove Odor and Control Moisture in Your RV, Camper, SUV, Car, Truck, Closet, Mobile Home, Storage - Non Fragrant</p><p>$22.99 ($0.65 / Ounce)</p><a href="https://www.amazon.com/dp/B086H3FW7T?tag=eloabder-20&linkCode=osi&th=1&psc=1">View Product</a></div><div class="product"><a href="https://www.amazon.com/dp/B019NXUJ5K?tag=eloabder-20&linkCode=osi&th=1&psc=1"><img src="https://m.media-amazon.com/images/I/31grLw6pdUL._SL500_.jpg" alt="Product Image"></a><p>PURGGO Car Air Freshener - Lasts 365+ Days No Chemicals 100% Activated Bamboo Charcoal Fragrance-Free Deodorizer, Natural Auto Odor Eliminator, Purifier, Neutralizer, Absorb Smoke Smell</p><p>$25.99</p><a href="https://www.amazon.com/dp/B019NXUJ5K?tag=eloabder-20&linkCode=osi&th=1&psc=1">View Product</a></div><div class="product"><a href="https://www.amazon.com/dp/B0CT5TBKH5?tag=eloabder-20&linkCode=osi&th=1&psc=1"><img src="https://m.media-amazon.com/images/I/41UB7n6FuwL._SL500_.jpg" alt="Product Image"></a><p>Timgle 1 Pack Car Air Freshener, Lasts 365+ Days, No Chemicals 100% Activated Bamboo Charcoal Fragrance, Free Deodorizer, Natural Auto Odor Eliminator, Purifier, Neutralizer (Khaki Strap)</p><p>$10.99</p><a href="https://www.amazon.com/dp/B0CT5TBKH5?tag=eloabder-20&linkCode=osi&th=1&psc=1">View Product</a></div><div class="product"><a href="https://www.amazon.com/dp/B00V4049K2?tag=eloabder-20&linkCode=osi&th=1&psc=1"><img src="https://m.media-amazon.com/images/I/51rLLMGOc6L._SL500_.jpg" alt="Product Image"></a><p>PURGGO Car Air Freshener - Auto Odor Eliminator - 100% Activated Bamboo Charcoal Air Purifier, Ionizer - Absorb and Remove Smoke Smell - Fragrance-Free Deodorizer - Lasts 365+ Days [Classic Beige]</p><p>$25.99</p><a href="https://www.amazon.com/dp/B00V4049K2?tag=eloabder-20&linkCode=osi&th=1&psc=1">View Product</a></div>








<div class="product"><a href="https://www.amazon.com/dp/B00RYGK12K?tag=eloabder-20&linkCode=osi&th=1&psc=1"><img src="https://m.media-amazon.com/images/I/51RdEyCkvuL._SL500_.jpg" alt="Product Image"></a><p>Little Trees Cardboard Hanging Car, Home & Office Air Freshener, Summer Linen (Pack of 12)</p><p>$11.82 ($0.98 / Count)</p><a href="https://www.amazon.com/dp/B00RYGK12K?tag=eloabder-20&linkCode=osi&th=1&psc=1">View Product</a></div><div class="product"><a href="https://www.amazon.com/dp/B00LM54ZD0?tag=eloabder-20&linkCode=osi&th=1&psc=1"><img src="https://m.media-amazon.com/images/I/41YuRNweefL._SL500_.jpg" alt="Product Image"></a><p>LITTLE TREES Air Fresheners Car Air Freshener. Hanging Tree Provides Long Lasting Scent for Auto or Home. Black Ice, 24 Air Fresheners</p><p>$20.19 ($0.84 / Count)</p><a href="https://www.amazon.com/dp/B00LM54ZD0?tag=eloabder-20&linkCode=osi&th=1&psc=1">View Product</a></div><div class="product"><a href="https://www.amazon.com/dp/B09BB4V1Y8?tag=eloabder-20&linkCode=osi&th=1&psc=1"><img src="https://m.media-amazon.com/images/I/51AKMdDLO-L._SL500_.jpg" alt="Product Image"></a><p>DRIVEJOY Car Air Freshener Vent Clips, 8 PK, 6 Ocean, 2 New Car Scent, Car Fresheners for Men Women, Up to 240 Days, Long Lasting Air Freshener for Car, Odor Eliminator</p><p>$9.98 ($9.60 / Fl Oz)</p><a href="https://www.amazon.com/dp/B09BB4V1Y8?tag=eloabder-20&linkCode=osi&th=1&psc=1">View Product</a></div><div class="product"><a href="https://www.amazon.com/dp/B078JWRLYT?tag=eloabder-20&linkCode=osi&th=1&psc=1"><img src="https://m.media-amazon.com/images/I/41shbIl-LEL._SL500_.jpg" alt="Product Image"></a><p>California Scents Air Freshener 4-Pack Car Air Freshener (Coronado Cherry)</p><p>$12.88 ($2.15 / Ounce)</p><a href="https://www.amazon.com/dp/B078JWRLYT?tag=eloabder-20&linkCode=osi&th=1&psc=1">View Product</a></div><div class="product"><a href="https://www.amazon.com/dp/B0CW4CJWW9?tag=eloabder-20&linkCode=osi&th=1&psc=1"><img src="https://m.media-amazon.com/images/I/417lKQ0MXPL._SL500_.jpg" alt="Product Image"></a><p>Karma, Essential Oil Air Freshener for Cars Set of 2, Home & Office - Colorful Decorative Hanging Air Freshener with Tassel, Buttercup Vanilla Scented</p><p>$8.40 ($4.20 / Count)</p><a href="https://www.amazon.com/dp/B0CW4CJWW9?tag=eloabder-20&linkCode=osi&th=1&psc=1">View Product</a></div><div class="product"><a href="https://www.amazon.com/dp/B00AYCXL2I?tag=eloabder-20&linkCode=osi&th=1&psc=1"><img src="https://m.media-amazon.com/images/I/5165h10nKbL._SL500_.jpg" alt="Product Image"></a><p>Febreze Car Air Fresheners, New Car Scent, Odor Eliminator for Strong Odors Car Vent Clips (2 Count)</p><p>$9.98 ($4.99 / Count)</p><a href="https://www.amazon.com/dp/B00AYCXL2I?tag=eloabder-20&linkCode=osi&th=1&psc=1">View Product</a></div><div class="product"><a href="https://www.amazon.com/dp/B01LZ0N1MJ?tag=eloabder-20&linkCode=osi&th=1&psc=1"><img src="https://m.media-amazon.com/images/I/41J5LJGof9L._SL500_.jpg" alt="Product Image"></a><p>LITTLE TREES Car Air Freshener | Hanging Paper Tree for Home or Car | New Car Scent | 12 Pack</p><p>$11.70 ($0.98 / Count)</p><a href="https://www.amazon.com/dp/B01LZ0N1MJ?tag=eloabder-20&linkCode=osi&th=1&psc=1">View Product</a></div><div class="product"><a href="https://www.amazon.com/dp/B0C2Q2VGPZ?tag=eloabder-20&linkCode=osi&th=1&psc=1"><img src="https://m.media-amazon.com/images/I/413gckSL1EL._SL500_.jpg" alt="Product Image"></a><p>Savage Disposable Card Freshener for Men | Car Scents Air Freshener with Sauvage Fragrance | Strong Car Perfume Air Freshener with Odour Eliminating Technology | Suvage by Perfa</p><p>$6.99</p><a href="https://www.amazon.com/dp/B0C2Q2VGPZ?tag=eloabder-20&linkCode=osi&th=1&psc=1">View Product</a></div>




<div class="product"><a href="https://www.amazon.com/dp/B06WVL7YSG?tag=eloabder-20&linkCode=osi&th=1&psc=1"><img src="https://m.media-amazon.com/images/I/51fO0NuM6nL._SL500_.jpg" alt="Product Image"></a><p>Meguiar's Quik Scratch Eraser Kit, Car Scratch Remover for Repairing Surface Blemishes, Car Care Kit with ScratchX, Drill-Mounted Pad, and Microfiber Towel, 3 Count</p><p>$17.97</p><a href="https://www.amazon.com/dp/B06WVL7YSG?tag=eloabder-20&linkCode=osi&th=1&psc=1">View Product</a></div><div class="product"><a href="https://www.amazon.com/dp/B00P67GSRG?tag=eloabder-20&linkCode=osi&th=1&psc=1"><img src="https://m.media-amazon.com/images/I/41R-vt8tcnL._SL500_.jpg" alt="Product Image"></a><p>Chemical Guys GAP_VKIT_16 V Line Polish and Compound Kit For Light to Heavy Swirls & Scratches (Safe for Cars, Trucks, SUVs, RVs, Motorcycles, & More) 4 - 16 fl oz Items</p><p>$69.99</p><a href="https://www.amazon.com/dp/B00P67GSRG?tag=eloabder-20&linkCode=osi&th=1&psc=1">View Product</a></div>
<div class="product"><a href="https://www.amazon.com/dp/B0BQ1CPLSQ?tag=eloabder-20&linkCode=osi&th=1&psc=1"><img src="https://m.media-amazon.com/images/I/41ikSNNgp5L._SL500_.jpg" alt="Product Image"></a><p>PROPER DETAILING CO. Car Detailing Kit Interior Cleaner, Get Professional Results - Car Interior Cleaning Kit includes 16 oz. interior cleaner, premium boars hair detail brush, and 2 microfiber towels</p><p>$23.99</p><a href="https://www.amazon.com/dp/B0BQ1CPLSQ?tag=eloabder-20&linkCode=osi&th=1&psc=1">View Product</a></div>






<div class="product"><a href="https://www.amazon.com/dp/B004VG6SWS?tag=eloabder-20&linkCode=osi&th=1&psc=1"><img src="https://m.media-amazon.com/images/I/31M54KTIo2L._SL500_.jpg" alt="Product Image"></a><p>3M Scotchgard Clear Paint Protection Bulk Film Roll 12-by-72-inches</p><p>$38.00</p><a href="https://www.amazon.com/dp/B004VG6SWS?tag=eloabder-20&linkCode=osi&th=1&psc=1">View Product</a></div><div class="product"><a href="https://www.amazon.com/dp/B073X7WF5J?tag=eloabder-20&linkCode=osi&th=1&psc=1"><img src="https://m.media-amazon.com/images/I/41PIPchJvFL._SL500_.jpg" alt="Product Image"></a><p>VViViD 3M Clear Paint Protection Vinyl Film 6 Inch x 25 Inch</p><p>$9.99</p><a href="https://www.amazon.com/dp/B073X7WF5J?tag=eloabder-20&linkCode=osi&th=1&psc=1">View Product</a></div>

<div class="product"><a href="https://www.amazon.com/dp/B09VLKQY83?tag=eloabder-20&linkCode=osi&th=1&psc=1"><img src="https://m.media-amazon.com/images/I/41HrqrTIGUL._SL500_.jpg" alt="Product Image"></a><p>Charcoal 2PLY Nano Ceramic 20% VLT Car Tint 36 in x 25 FT Professional Window Tint Heat, UV 99%, and IRR 85% to 90% Tint for Cars or Building Adhesive Film Easy Shrink, Plotter Friendly</p><p>$56.95 ($0.76 / Sq Ft)</p><a href="https://www.amazon.com/dp/B09VLKQY83?tag=eloabder-20&linkCode=osi&th=1&psc=1">View Product</a></div><div class="product"><a href="https://www.amazon.com/dp/B000CAM2ZO?tag=eloabder-20&linkCode=osi&th=1&psc=1"><img src="https://m.media-amazon.com/images/I/31zB99KwKWL._SL500_.jpg" alt="Product Image"></a><p>Black Magic 5060107 Professional Anti-Heat Layer Tint Film, 5% VLT, 24-Inches x 78-Inches</p><p>$20.26 ($1.56 / Sq Ft)</p><a href="https://www.amazon.com/dp/B000CAM2ZO?tag=eloabder-20&linkCode=osi&th=1&psc=1">View Product</a></div>

<div class="product"><a href="https://www.amazon.com/dp/B081T7N948?tag=eloabder-20&linkCode=osi&th=1&psc=1"><img src="https://m.media-amazon.com/images/I/41q0eWfEB3L._SL500_.jpg" alt="Product Image"></a><p>PULIDIKI Car Cleaning Gel Universal Detailing Kit Automotive Dust Car Crevice Cleaner Slime Auto Air Vent Interior Detail Removal for Car Putty Cleaning Keyboard Cleaner Car Accessories Blue</p><p>$5.94</p><a href="https://www.amazon.com/dp/B081T7N948?tag=eloabder-20&linkCode=osi&th=1&psc=1">View Product</a></div><div class="product"><a href="https://www.amazon.com/dp/B0CRKX3D9J?tag=eloabder-20&linkCode=osi&th=1&psc=1"><img src="https://m.media-amazon.com/images/I/51aymO4P7aL._SL500_.jpg" alt="Product Image"></a><p>PULIDIKI Car Cleaning Gel for Car Cleaning Putty Car Putty Auto Detailing Tools Car Slime Cleaner Dust Cleaning Gel for Car Interior Cleaner Car Accessories Keyboard Cleaner Blue (2Pack)</p><p>$9.99</p><a href="https://www.amazon.com/dp/B0CRKX3D9J?tag=eloabder-20&linkCode=osi&th=1&psc=1">View Product</a></div><div class="product"><a href="https://www.amazon.com/dp/B0988X73FW?tag=eloabder-20&linkCode=osi&th=1&psc=1"><img src="https://m.media-amazon.com/images/I/51qQkFSZAIL._SL500_.jpg" alt="Product Image"></a><p>TICARVE Car Cleaning Gel Detailing Putty Car Putty Auto Detailing Tools Car Interior Cleaner Cleaning Slime Car Accessories Keyboard Cleaner Rose/NT WT: 5.6 oz (160 gr)</p><p>$6.98</p><a href="https://www.amazon.com/dp/B0988X73FW?tag=eloabder-20&linkCode=osi&th=1&psc=1">View Product</a></div><div class="product"><a href="https://www.amazon.com/dp/B08RDNV8KQ?tag=eloabder-20&linkCode=osi&th=1&psc=1"><img src="https://m.media-amazon.com/images/I/51DwR48ghvL._SL500_.jpg" alt="Product Image"></a><p>TICARVE Cleaning Gel for Car Detailing Car Vent Cleaner Cleaning Putty Gel Auto Car Interior Cleaner Dust Cleaning Mud for Cars and Keyboard Cleaner Cleaning Slime Purple</p><p>$6.99</p><a href="https://www.amazon.com/dp/B08RDNV8KQ?tag=eloabder-20&linkCode=osi&th=1&psc=1">View Product</a></div><div class="product"><a href="https://www.amazon.com/dp/B07SBNH48K?tag=eloabder-20&linkCode=osi&th=1&psc=1"><img src="https://m.media-amazon.com/images/I/51MyrDaYquL._SL500_.jpg" alt="Product Image"></a><p>COLORCORAL Cleaning Gel for Car Universal Gel Cleaner Auto Detailing Car Vent Keyboard Cleaning Putty Car Interior Cleaner Dashboard Dust Remover Putty Auto Duster Cleaning Kit 160G</p><p>$6.99</p><a href="https://www.amazon.com/dp/B07SBNH48K?tag=eloabder-20&linkCode=osi&th=1&psc=1">View Product</a></div><div class="product"><a href="https://www.amazon.com/dp/B0D1CB8RP2?tag=eloabder-20&linkCode=osi&th=1&psc=1"><img src="https://m.media-amazon.com/images/I/51MPeMNItzL._SL500_.jpg" alt="Product Image"></a><p>ALIOBC Car Cleaning Gel, Keyboard Cleaner Cleaning Putty for Car Interior Car Slime Cleaner Dust Cleaning Gel Car Putty for Cleaning Car Gel Cleaner Blue NT.WT.: 5.6 oz (160 g)</p><p>$6.99</p><a href="https://www.amazon.com/dp/B0D1CB8RP2?tag=eloabder-20&linkCode=osi&th=1&psc=1">View Product</a></div><div class="product"><a href="https://www.amazon.com/dp/B09995RLLH?tag=eloabder-20&linkCode=osi&th=1&psc=1"><img src="https://m.media-amazon.com/images/I/51hASKz7MnL._SL500_.jpg" alt="Product Image"></a><p>TICARVE 2Pack Cleaning Gel for Car Cleaning Putty Car Slime for Cleaning Car Detailing Putty Detail Tools Car Interior Cleaner Automotive Car Cleaning Kits Keyboard Cleaner Blue Purple (320g/11.2oz)</p><p>$7.99</p><a href="https://www.amazon.com/dp/B09995RLLH?tag=eloabder-20&linkCode=osi&th=1&psc=1">View Product</a></div><div class="product"><a href="https://www.amazon.com/dp/B0D6X5K8CY?tag=eloabder-20&linkCode=osi&th=1&psc=1"><img src="https://m.media-amazon.com/images/I/51C3FExB5RL._SL500_.jpg" alt="Product Image"></a><p>Dust Away Universal Car Cleaning Gel Automotive Detail Putty Crevice Cleaning Slime for Air Vents Interiors Keyboards Laptops & Electronics Versatile Home & Office Accessories Fresh Scent (Lime Green)</p><p>$5.88</p><a href="https://www.amazon.com/dp/B0D6X5K8CY?tag=eloabder-20&linkCode=osi&th=1&psc=1">View Product</a></div>


<div class="product"><a href="https://www.amazon.com/dp/B0BB9M5TSP?tag=eloabder-20&linkCode=osi&th=1&psc=1"><img src="https://m.media-amazon.com/images/I/51NEhgC0fNL._SL500_.jpg" alt="Product Image"></a><p>Ouzorp Car Wheel Scratch repair Rim Touch Up Paint Rim Scratch Repair Pen Quick And Easy Wheel（silver）</p><p>$10.99 ($15.48 / Fl Oz)</p><a href="https://www.amazon.com/dp/B0BB9M5TSP?tag=eloabder-20&linkCode=osi&th=1&psc=1">View Product</a></div>






<div class="product"><a href="https://www.amazon.com/dp/B0D464228M?tag=eloabder-20&linkCode=osi&th=1&psc=1"><img src="https://m.media-amazon.com/images/I/315VtBe9l-L._SL500_.jpg" alt="Product Image"></a><p>Drift Car Air Freshener - Wood Air Freshener - Car Odor Eliminator - Open Air Scent Starter Kit</p><p>$11.95</p><a href="https://www.amazon.com/dp/B0D464228M?tag=eloabder-20&linkCode=osi&th=1&psc=1">View Product</a></div>
<div class="product"><a href="https://www.amazon.com/dp/B071HR14SJ?tag=eloabder-20&linkCode=osi&th=1&psc=1"><img src="https://m.media-amazon.com/images/I/41crypCefDL._SL500_.jpg" alt="Product Image"></a><p>Meguiar's Gold Class Car Wash Soap, Ultra-Rich Car Wash Soap and Conditioner for Car Cleaning, Car Wash Soap to Clean and Condition in One Easy Step, 1 Gallon Car Wash Soap</p><p>$24.99 ($0.20 / Ounce)</p><a href="https://www.amazon.com/dp/B071HR14SJ?tag=eloabder-20&linkCode=osi&th=1&psc=1">View Product</a></div><div class="product"><a href="https://www.amazon.com/dp/B085R9L9Q9?tag=eloabder-20&linkCode=osi&th=1&psc=1"><img src="https://m.media-amazon.com/images/I/41tAv1FNbZL._SL500_.jpg" alt="Product Image"></a><p>Armor All Extreme Shield Protectant Spray , Interior Car Cleaner with UV Protection Against Cracking and Fading, 16 Fl Oz</p><p>$8.98 ($0.56 / Fl Oz)</p><a href="https://www.amazon.com/dp/B085R9L9Q9?tag=eloabder-20&linkCode=osi&th=1&psc=1">View Product</a></div><div class="product"><a href="https://www.amazon.com/dp/B016NA9Y4S?tag=eloabder-20&linkCode=osi&th=1&psc=1"><img src="https://m.media-amazon.com/images/I/31oz8VJFdjL._SL500_.jpg" alt="Product Image"></a><p>Rain-X 5079281-2 Latitude 2-In-1 Wiper Blades, 26 Inch Windshield Wipers (Pack Of 1), Automotive Replacement Windshield Wiper Blades With Patented Rain-X Water Repellency Formula</p><p>$17.08</p><a href="https://www.amazon.com/dp/B016NA9Y4S?tag=eloabder-20&linkCode=osi&th=1&psc=1">View Product</a></div><div class="product"><a href="https://www.amazon.com/dp/B0D2PCCJVK?tag=eloabder-20&linkCode=osi&th=1&psc=1"><img src="https://m.media-amazon.com/images/I/41BFT-c3a9L._SL500_.jpg" alt="Product Image"></a><p>HoogaLife Car Air Freshener Diffuser – Revitalize Your Drive with Hanging Air Freshener Diffuser Aromatic Bliss On The Go(VANILLA CREAM)</p><p>$12.99 ($24.06 / Fl Oz)</p><a href="https://www.amazon.com/dp/B0D2PCCJVK?tag=eloabder-20&linkCode=osi&th=1&psc=1">View Product</a></div><div class="product"><a href="https://www.amazon.com/dp/B0D17SKCLF?tag=eloabder-20&linkCode=osi&th=1&psc=1"><img src="https://m.media-amazon.com/images/I/51VjaK8JNmL._SL500_.jpg" alt="Product Image"></a><p>AIDEA Car Wash Mitt Microfiber, 1PK-Scratch-Free& Lint-Free, Premium Chenille Microfiber Wash Mitt-Green Regular Size (7.12''X10.14'')</p><p>$5.99</p><a href="https://www.amazon.com/dp/B0D17SKCLF?tag=eloabder-20&linkCode=osi&th=1&psc=1">View Product</a></div>








<div class="product"><a href="https://www.amazon.com/dp/B00UZE8D00?tag=eloabder-20&linkCode=osi&th=1&psc=1"><img src="https://m.media-amazon.com/images/I/517VVkgvgcL._SL500_.jpg" alt="Product Image"></a><p>Chemical Guys HOL_996 Convertible Top Cleaner and Protectant Kit, 16 oz, 2 Items</p><p>$29.99</p><a href="https://www.amazon.com/dp/B00UZE8D00?tag=eloabder-20&linkCode=osi&th=1&psc=1">View Product</a></div><div class="product"><a href="https://www.amazon.com/dp/B004HCS4NW?tag=eloabder-20&linkCode=osi&th=1&psc=1"><img src="https://m.media-amazon.com/images/I/41j5b6xRqNL._SL500_.jpg" alt="Product Image"></a><p>Meguiar's Convertible Top Cleaner - Fabric Convertible Top Cleaner and Vinyl Convertible Top Cleaner in One Advanced Formula - Safely Removes Stains, Mildew, Bird Droppings, and More, 16 Oz</p><p>$6.87 ($0.43 / Ounce)</p><a href="https://www.amazon.com/dp/B004HCS4NW?tag=eloabder-20&linkCode=osi&th=1&psc=1">View Product</a></div><div class="product"><a href="https://www.amazon.com/dp/B00UZE80N0?tag=eloabder-20&linkCode=osi&th=1&psc=1"><img src="https://m.media-amazon.com/images/I/31FG83SK9SL._SL500_.jpg" alt="Product Image"></a><p>Chemical Guys SPI_193_16 Convertible Top Protectant and Repellent, (Helps Prevent Fading & Discoloration on Fabric Sot Tops) 16 fl oz (Packaging May Vary)</p><p>$19.99 ($1.25 / Fl Oz)</p><a href="https://www.amazon.com/dp/B00UZE80N0?tag=eloabder-20&linkCode=osi&th=1&psc=1">View Product</a></div><div class="product"><a href="https://www.amazon.com/dp/B00UZE8C1A?tag=eloabder-20&linkCode=osi&th=1&psc=1"><img src="https://m.media-amazon.com/images/I/31aLnXKZxfL._SL500_.jpg" alt="Product Image"></a><p>Chemical Guys ACC_S94 Convertible Top Horse Hair Cleaning Brush, Safe for Cloth Soft Tops, Upholstery, Leather, Furniture, & More</p><p>$14.99</p><a href="https://www.amazon.com/dp/B00UZE8C1A?tag=eloabder-20&linkCode=osi&th=1&psc=1">View Product</a></div><div class="product"><a href="https://www.amazon.com/dp/B000A8JNF0?tag=eloabder-20&linkCode=osi&th=1&psc=1"><img src="https://m.media-amazon.com/images/I/51PLChiVIrL._SL500_.jpg" alt="Product Image"></a><p>303 Products Convertible Fabric Top Cleaning and Care Kit - Cleans And Protects Fabric Tops - Includes Tonneau Cover And Convertible Top Cleaner 16 fl. oz. + Fabric Guard, (30520)</p><p>$32.79 ($1.02 / Fl Oz)</p><a href="https://www.amazon.com/dp/B000A8JNF0?tag=eloabder-20&linkCode=osi&th=1&psc=1">View Product</a></div>
<div class="product"><a href="https://www.amazon.com/dp/B0BCQ1XMWV?tag=eloabder-20&linkCode=osi&th=1&psc=1"><img src="https://m.media-amazon.com/images/I/41lV6Au-S9L._SL500_.jpg" alt="Product Image"></a><p>EMITHSUN® Windshield Wiper Blades Replacement for Honda Civic Coupe 2 Door 2005-2011,That Meet OEM Quality Front Wipers Blade Set for My Car-28"+24"(Set of 2)</p><p>$19.99</p><a href="https://www.amazon.com/dp/B0BCQ1XMWV?tag=eloabder-20&linkCode=osi&th=1&psc=1">View Product</a></div>
<div class="product"><a href="https://www.amazon.com/dp/B00I8ITVZG?tag=eloabder-20&linkCode=osi&th=1&psc=1"><img src="https://m.media-amazon.com/images/I/41TXd564pcL._SL500_.jpg" alt="Product Image"></a><p>ECOGARD XC36067 Premium Cabin Air Filter Fits Hyundai Genesis 2009-2016, Equus 2011-2016 | Genesis G80 2017-2021, G90 2019-2021, GV80 2021 | Kia K900 2020</p><p>$10.98</p><a href="https://www.amazon.com/dp/B00I8ITVZG?tag=eloabder-20&linkCode=osi&th=1&psc=1">View Product</a></div>

<div class="product"><a href="https://www.amazon.com/dp/B097C3NCP1?tag=eloabder-20&linkCode=osi&th=1&psc=1"><img src="https://m.media-amazon.com/images/I/41GXST2+s6L._SL500_.jpg" alt="Product Image"></a><p>Raidbee 12 inch Rear Wiper Blade Replacement for Toyota Corolla Hatchback 2022-2019, Nissan Versa 2019-2014 Back Windshield Wiper (H306/12-B)</p><p>$6.99</p><a href="https://www.amazon.com/dp/B097C3NCP1?tag=eloabder-20&linkCode=osi&th=1&psc=1">View Product</a></div>



<div class="product"><a href="https://www.amazon.com/dp/B0CQ4MLKHJ?tag=eloabder-20&linkCode=osi&th=1&psc=1"><img src="https://m.media-amazon.com/images/I/519f8covwQL._SL500_.jpg" alt="Product Image"></a><p>Feetiger All-in-1 Fire Extinguisher for Home, Kitchen, Car, Garage, RV, Truck, Boat, Camping, Fire Spray that Tackles Multiple Types of Fire, 2pack</p><p>$39.99</p><a href="https://www.amazon.com/dp/B0CQ4MLKHJ?tag=eloabder-20&linkCode=osi&th=1&psc=1">View Product</a></div>
<div class="product"><a href="https://www.amazon.com/dp/B07TS4JV6H?tag=eloabder-20&linkCode=osi&th=1&psc=1"><img src="https://m.media-amazon.com/images/I/412htpDd6fL._SL500_.jpg" alt="Product Image"></a><p>Police Flag Air Freshener, New Car Scent, 6-Pack</p><p>$9.99 ($1.66 / Count)</p><a href="https://www.amazon.com/dp/B07TS4JV6H?tag=eloabder-20&linkCode=osi&th=1&psc=1">View Product</a></div>


<div class="product"><a href="https://www.amazon.com/dp/B009EU5ZNO?tag=eloabder-20&linkCode=osi&th=1&psc=1"><img src="https://m.media-amazon.com/images/I/515MJLZbnoL._SL500_.jpg" alt="Product Image"></a><p>J-B Weld 50133 Plastic Bonder Structural Adhesive Syringe - Tan - 25 ml</p><p>$6.98 ($8.21 / Fl Oz)</p><a href="https://www.amazon.com/dp/B009EU5ZNO?tag=eloabder-20&linkCode=osi&th=1&psc=1">View Product</a></div>



<div class="product"><a href="https://www.amazon.com/dp/B09P6YZP72?tag=eloabder-20&linkCode=osi&th=1&psc=1"><img src="https://m.media-amazon.com/images/I/416rlvu+ayL._SL500_.jpg" alt="Product Image"></a><p>AUTOBOO 26"+20" Windshield Wipers with 16" Rear Wiper Blade Replacement for Dodge Grand Caravan 2008-2012 2013 2014 2015 2016 2017 2018 2019 -Original Factory Quality (Pack of 3)</p><p>$23.99</p><a href="https://www.amazon.com/dp/B09P6YZP72?tag=eloabder-20&linkCode=osi&th=1&psc=1">View Product</a></div><div class="product"><a href="https://www.amazon.com/dp/B0BLYQBDS8?tag=eloabder-20&linkCode=osi&th=1&psc=1"><img src="https://m.media-amazon.com/images/I/51SbpSR2zBL._SL500_.jpg" alt="Product Image"></a><p>A-Premium Engine Air Filter Compatible with Chrysler Town & Country & Dodge Grand Caravan & Ram C/V & Volkswagen Routan, 2011-2020, Flexible Panel, Replace# 4861737AA</p><p>$12.99</p><a href="https://www.amazon.com/dp/B0BLYQBDS8?tag=eloabder-20&linkCode=osi&th=1&psc=1">View Product</a></div>
<div class="product"><a href="https://www.amazon.com/dp/B001FCB4JS?tag=eloabder-20&linkCode=osi&th=1&psc=1"><img src="https://m.media-amazon.com/images/I/21wq6fxqiVL._SL500_.jpg" alt="Product Image"></a><p>Dicor BT-1834-1 Butyl Seal Tape - 1/8" x 3/4" x 30' Repair Tape for RV, Trailer, Motorhome, Window, and Vent Sealing</p><p>$13.15 ($0.44 / Foot)</p><a href="https://www.amazon.com/dp/B001FCB4JS?tag=eloabder-20&linkCode=osi&th=1&psc=1">View Product</a></div>
<div class="product"><a href="https://www.amazon.com/dp/B000BUQOD6?tag=eloabder-20&linkCode=osi&th=1&psc=1"><img src="https://m.media-amazon.com/images/I/41O0CoP1L3L._SL500_.jpg" alt="Product Image"></a><p>Camco Camper/RV Toilet Paper | Sewer-Safe, Septic-Safe & Biodegradable | Designed for Camper, Trailer & Marine Sanitation Systems | 1-Ply Tissue | 4 Toilet Paper Rolls – 280 Sheets per Roll (40275)</p><p>$5.99 ($2.14 / 100 Sheets)</p><a href="https://www.amazon.com/dp/B000BUQOD6?tag=eloabder-20&linkCode=osi&th=1&psc=1">View Product</a></div><div class="product"><a href="https://www.amazon.com/dp/B007JG1W1E?tag=eloabder-20&linkCode=osi&th=1&psc=1"><img src="https://m.media-amazon.com/images/I/41i-j99E9ML._SL500_.jpg" alt="Product Image"></a><p>Camco TST Camper / RV Grey Water Odor Control - Removes Grease Buildup in Gray Water Tank, Sink & Shower Drains - 4oz Treats 40-Gal Holding Tank - Safe Septic Tank Treatment - Lemon, 64 oz (40256)</p><p>$19.94 ($0.31 / Fl Oz)</p><a href="https://www.amazon.com/dp/B007JG1W1E?tag=eloabder-20&linkCode=osi&th=1&psc=1">View Product</a></div><div class="product"><a href="https://www.amazon.com/dp/B016V2OSD0?tag=eloabder-20&linkCode=osi&th=1&psc=1"><img src="https://m.media-amazon.com/images/I/31Jm99RYVXL._SL500_.jpg" alt="Product Image"></a><p>Camco TST MAX RV Toilet Treatment Drop-INs | Control Unwanted Odors and Break Down Waste and Tissue | Septic Tank Safe | Lavender Scent | 15-pack (41559)</p><p>$11.97 ($0.80 / Count)</p><a href="https://www.amazon.com/dp/B016V2OSD0?tag=eloabder-20&linkCode=osi&th=1&psc=1">View Product</a></div>






<div class="product"><a href="https://www.amazon.com/dp/B006GJYOL0?tag=eloabder-20&linkCode=osi&th=1&psc=1"><img src="https://m.media-amazon.com/images/I/41YPjiCzDfL._SL500_.jpg" alt="Product Image"></a><p>Boat Bling HS-0128 Hot Sauce Hard Water Spot Remover, Gallon Refill, for Boats, RVs, Powersport Vehicles and More, Black,1 Gallon</p><p>$54.95 ($0.43 / Fl Oz)</p><a href="https://www.amazon.com/dp/B006GJYOL0?tag=eloabder-20&linkCode=osi&th=1&psc=1">View Product</a></div><div class="product"><a href="https://www.amazon.com/dp/B0000AXVCB?tag=eloabder-20&linkCode=osi&th=1&psc=1"><img src="https://m.media-amazon.com/images/I/51gtsDb7zDL._SL500_.jpg" alt="Product Image"></a><p>Meguiar's M4364 Marine/RV Boat Wash - 64 Oz Container</p><p>$13.99 ($0.22 / Fl Oz)</p><a href="https://www.amazon.com/dp/B0000AXVCB?tag=eloabder-20&linkCode=osi&th=1&psc=1">View Product</a></div><div class="product"><a href="https://www.amazon.com/dp/B0007TR47G?tag=eloabder-20&linkCode=osi&th=1&psc=1"><img src="https://m.media-amazon.com/images/I/41Q4SzlVojL._SL500_.jpg" alt="Product Image"></a><p>Meguiar's Flagship Premium Marine Wax, Boat Polish and Oxidation Remover - 32 Oz Bottle</p><p>$21.49</p><a href="https://www.amazon.com/dp/B0007TR47G?tag=eloabder-20&linkCode=osi&th=1&psc=1">View Product</a></div><div class="product"><a href="https://www.amazon.com/dp/B006GJYLFY?tag=eloabder-20&linkCode=osi&th=1&psc=1"><img src="https://m.media-amazon.com/images/I/31G78TSjssL._SL500_.jpg" alt="Product Image"></a><p>Boat Bling Condition Sauce Premium Interior Moisturizer w/UV Protection, 32 oz.</p><p>$27.95</p><a href="https://www.amazon.com/dp/B006GJYLFY?tag=eloabder-20&linkCode=osi&th=1&psc=1">View Product</a></div><div class="product"><a href="https://www.amazon.com/dp/B006GJYKWI?tag=eloabder-20&linkCode=osi&th=1&psc=1"><img src="https://m.media-amazon.com/images/I/41AcDanNz-L._SL500_.jpg" alt="Product Image"></a><p>Boat Bling VS-0032 Vinyl Sauce Premium Vinyl and Leather Cleaner, 32 Oz., for Boats, RVs, Powersport Vehicles and More</p><p>$22.95 ($0.72 / Fl Oz)</p><a href="https://www.amazon.com/dp/B006GJYKWI?tag=eloabder-20&linkCode=osi&th=1&psc=1">View Product</a></div>
<div class="product"><a href="https://www.amazon.com/dp/B004OJTEKK?tag=eloabder-20&linkCode=osi&th=1&psc=1"><img src="https://m.media-amazon.com/images/I/41q8kkNiKOL._SL500_.jpg" alt="Product Image"></a><p>Shurhold Yacht Brite YBP-0302 Brite Wash - 1 Gallon</p><p>$23.97 ($0.19 / Fl Oz)</p><a href="https://www.amazon.com/dp/B004OJTEKK?tag=eloabder-20&linkCode=osi&th=1&psc=1">View Product</a></div>




<div class="product"><a href="https://www.amazon.com/dp/B0B2RDZNZB?tag=eloabder-20&linkCode=osi&th=1&psc=1"><img src="https://m.media-amazon.com/images/I/51RVSUoRuGL._SL500_.jpg" alt="Product Image"></a><p>Fancemot Helicopter Car Air Fresheners Rotating Solar Car Fresheners Airplane Car Perfume (Osmanthus & Vanilla)</p><p>$14.08</p><a href="https://www.amazon.com/dp/B0B2RDZNZB?tag=eloabder-20&linkCode=osi&th=1&psc=1">View Product</a></div><div class="product"><a href="https://www.amazon.com/dp/B0994PG1ZD?tag=eloabder-20&linkCode=osi&th=1&psc=1"><img src="https://m.media-amazon.com/images/I/413er0A8cVS._SL500_.jpg" alt="Product Image"></a><p>NICEADA Car Air Freshener, Helicopter Solar Energy Rotating Aromatherapy Aviation Al Alloy Diffuser, Interior Decoration Accessories Diffuser for Car and Home (Silver)</p><p>$23.99</p><a href="https://www.amazon.com/dp/B0994PG1ZD?tag=eloabder-20&linkCode=osi&th=1&psc=1">View Product</a></div><div class="product"><a href="https://www.amazon.com/dp/B09ZTMZKSJ?tag=eloabder-20&linkCode=osi&th=1&psc=1"><img src="https://m.media-amazon.com/images/I/41rz5PydC9L._SL500_.jpg" alt="Product Image"></a><p>Air Freshener, Gigicloud Car Fragrance Diffuser Solar Rotating Automotive Air Fresheners Ornament Helicopter Shape Solid Aromatherapy Decoration for Car and Home (Black)</p><p>$15.49</p><a href="https://www.amazon.com/dp/B09ZTMZKSJ?tag=eloabder-20&linkCode=osi&th=1&psc=1">View Product</a></div><div class="product"><a href="https://www.amazon.com/dp/B0CWNNPCD3?tag=eloabder-20&linkCode=osi&th=1&psc=1"><img src="https://m.media-amazon.com/images/I/51nznnJJhfL._SL500_.jpg" alt="Product Image"></a><p>Car Air Freshener Diffuser, KaiDengZhe 1PCS Helicopter Solar Energy Rotating Aromatherapy Aviation Al Alloy Diffuser, Car Diffuser for Essential Oils, Relieve Stress and Purifie Odors for Car and Home</p><p>$15.99</p><a href="https://www.amazon.com/dp/B0CWNNPCD3?tag=eloabder-20&linkCode=osi&th=1&psc=1">View Product</a></div><div class="product"><a href="https://www.amazon.com/dp/B0B8T47G65?tag=eloabder-20&linkCode=osi&th=1&psc=1"><img src="https://m.media-amazon.com/images/I/41d6cgVheqL._SL500_.jpg" alt="Product Image"></a><p>Joyfunky Car Air Fresheners with Solar Rotating, Creative Car Perfume Decoration, Relieve Stress and Purifie Odors, Use at Car, office and Home, Silver</p><p>$12.99</p><a href="https://www.amazon.com/dp/B0B8T47G65?tag=eloabder-20&linkCode=osi&th=1&psc=1">View Product</a></div><div class="product"><a href="https://www.amazon.com/dp/B0D4ZHJVK8?tag=eloabder-20&linkCode=osi&th=1&psc=1"><img src="https://m.media-amazon.com/images/I/41sEhsjtb4L._SL500_.jpg" alt="Product Image"></a><p>NICEADA Helicopter Solar Car Air Freshener Refill Set, Solar Essential Oil Refill Perfume Oil for Car Air Fresheners(4 Packs)</p><p>$21.99 ($24.99 / Fl Oz)</p><a href="https://www.amazon.com/dp/B0D4ZHJVK8?tag=eloabder-20&linkCode=osi&th=1&psc=1">View Product</a></div><div class="product"><a href="https://www.amazon.com/dp/B0D251XW47?tag=eloabder-20&linkCode=osi&th=1&psc=1"><img src="https://m.media-amazon.com/images/I/41x6lmNq9fL._SL500_.jpg" alt="Product Image"></a><p>Helicopter Car Air Fresheners with Solar Rotating, Creative Car Perfume Decoration, Car Airplane Fragrance Diffuser for Car, Home, Office (Silver)</p><p>$13.09</p><a href="https://www.amazon.com/dp/B0D251XW47?tag=eloabder-20&linkCode=osi&th=1&psc=1">View Product</a></div>

<div class="product"><a href="https://www.amazon.com/dp/B0D4154TQG?tag=eloabder-20&linkCode=osi&th=1&psc=1"><img src="https://m.media-amazon.com/images/I/217Iw-nO3UL._SL500_.jpg" alt="Product Image"></a><p>RV Curtain Glide Tape A115, 1/2 Inch Glides Clear RV Curtain Strip Curtain Slide Tape 72 Inches Long Use with Ceiling or Wall Mount Curtain Track A201 A202 (2 Pack)</p><p>$17.99</p><a href="https://www.amazon.com/dp/B0D4154TQG?tag=eloabder-20&linkCode=osi&th=1&psc=1">View Product</a></div>
<div class="product"><a href="https://www.amazon.com/dp/B08W4PQN8L?tag=eloabder-20&linkCode=osi&th=1&psc=1"><img src="https://m.media-amazon.com/images/I/41udmrd6QTL._SL500_.jpg" alt="Product Image"></a><p>Hot Air Balloon Novelty Air Freshener for Car - Sandalwood Scented Automotive Accessory New Mexico Souvenir Gift (Pack of 4)</p><p>$7.99 ($2.00 / Count)</p><a href="https://www.amazon.com/dp/B08W4PQN8L?tag=eloabder-20&linkCode=osi&th=1&psc=1">View Product</a></div>















<div class="product"><a href="https://www.amazon.com/dp/B0CP87K2VD?tag=eloabder-20&linkCode=osi&th=1&psc=1"><img src="https://m.media-amazon.com/images/I/41dTH4OPkcL._SL500_.jpg" alt="Product Image"></a><p>For harley air cleaner filter Touring street glide road king electra tri trike Dyna Sportster XL 883 1200 Softail air intake (Drift style -Contrast Cut, C-For Touring 08-16, Softail 16-17)</p><p>$125.00</p><a href="https://www.amazon.com/dp/B0CP87K2VD?tag=eloabder-20&linkCode=osi&th=1&psc=1">View Product</a></div><div class="product"><a href="https://www.amazon.com/dp/B08DNLNY3G?tag=eloabder-20&linkCode=osi&th=1&psc=1"><img src="https://m.media-amazon.com/images/I/51baNj3o8CL._SL500_.jpg" alt="Product Image"></a><p>2963308 HD1508 Ultra Classic Air Filter Cleaner for 2008-2014 Harley Davidson Street Glide, Electra Glide, Road King, Road Glide Custom, Ultra Classic and other select models HD-1508</p><p>$21.99</p><a href="https://www.amazon.com/dp/B08DNLNY3G?tag=eloabder-20&linkCode=osi&th=1&psc=1">View Product</a></div><div class="product"><a href="https://www.amazon.com/dp/B0CQ2KKC3N?tag=eloabder-20&linkCode=osi&th=1&psc=1"><img src="https://m.media-amazon.com/images/I/31W2a0gAwIL._SL500_.jpg" alt="Product Image"></a><p>High-Flo Replacement Air Filter Element For Ventilator - Milwaukee-Eight Engine '18-later Softail and '17-later Touring and Trike Models Equipped with 114 Air Cleaner</p><p>$39.99</p><a href="https://www.amazon.com/dp/B0CQ2KKC3N?tag=eloabder-20&linkCode=osi&th=1&psc=1">View Product</a></div><div class="product"><a href="https://www.amazon.com/dp/B0CPJ5BSGM?tag=eloabder-20&linkCode=osi&th=1&psc=1"><img src="https://m.media-amazon.com/images/I/41cUadnGKpL._SL500_.jpg" alt="Product Image"></a><p>For harley air cleaner filter sportster street road glide king for harley davidson motorcycle air intake (Nake style -Black, A-For Sportster XL models)</p><p>$169.00</p><a href="https://www.amazon.com/dp/B0CPJ5BSGM?tag=eloabder-20&linkCode=osi&th=1&psc=1">View Product</a></div><div class="product"><a href="https://www.amazon.com/dp/B0CR17NS1M?tag=eloabder-20&linkCode=osi&th=1&psc=1"><img src="https://m.media-amazon.com/images/I/41n57oM0A-L._SL500_.jpg" alt="Product Image"></a><p>For harley air cleaner filter Sportster Softail Touring street road king glide Dyna for harley davidson air intake filters (Speed 7 style -gray filter, C-For Touring 08-16, Softail 16-17)</p><p>$89.00</p><a href="https://www.amazon.com/dp/B0CR17NS1M?tag=eloabder-20&linkCode=osi&th=1&psc=1">View Product</a></div><div class="product"><a href="https://www.amazon.com/dp/B0CR167HDN?tag=eloabder-20&linkCode=osi&th=1&psc=1"><img src="https://m.media-amazon.com/images/I/41o4byfzbRL._SL500_.jpg" alt="Product Image"></a><p>For harley davidson air cleaner filter sportster Touring street glide road king electra Dyna Softail motorcycle air intake (Chromed- gray filter, C-For Touring 2008-2016)</p><p>$99.00</p><a href="https://www.amazon.com/dp/B0CR167HDN?tag=eloabder-20&linkCode=osi&th=1&psc=1">View Product</a></div>







<div class="product"><a href="https://www.amazon.com/dp/B08WH8CWDM?tag=eloabder-20&linkCode=osi&th=1&psc=1"><img src="https://m.media-amazon.com/images/I/41Jj3ouB+1L._SL500_.jpg" alt="Product Image"></a><p>Glaze 'N Seal Color Enhancer Paver Sealer, 1 Gallon (923)</p><p>$62.99</p><a href="https://www.amazon.com/dp/B08WH8CWDM?tag=eloabder-20&linkCode=osi&th=1&psc=1">View Product</a></div>

<div class="product"><a href="https://www.amazon.com/dp/B0B58G8WRX?tag=eloabder-20&linkCode=osi&th=1&psc=1"><img src="https://m.media-amazon.com/images/I/41hjxJMTGJL._SL500_.jpg" alt="Product Image"></a><p>Solarhome Air Filter 333-D2696 333D2696 Compatible with JCB Backhoe Loader 3CX 4CX Telehandler 531-70</p><p>$34.50</p><a href="https://www.amazon.com/dp/B0B58G8WRX?tag=eloabder-20&linkCode=osi&th=1&psc=1">View Product</a></div>




<div class="product"><a href="https://www.amazon.com/dp/B07G7XG6BV?tag=eloabder-20&linkCode=osi&th=1&psc=1"><img src="https://m.media-amazon.com/images/I/510tZGutn6L._SL500_.jpg" alt="Product Image"></a><p>Holikme 6Pack Cleaning Brush Power Scrubber Cleaning Brush Extended Long Attachment Set All Purpose Scrub Brushes Kit for Grout, Floor, Tub, Shower, Tile, Bathroom,Car Cleaning Brush，Yellow</p><p>$6.95</p><a href="https://www.amazon.com/dp/B07G7XG6BV?tag=eloabder-20&linkCode=osi&th=1&psc=1">View Product</a></div>



<div class="product"><a href="https://www.amazon.com/dp/B000FW2NWQ?tag=eloabder-20&linkCode=osi&th=1&psc=1"><img src="https://m.media-amazon.com/images/I/31VlBDw7uDL._SL500_.jpg" alt="Product Image"></a><p>Performance Tool W233 12-Inch Long Reach Extension Scraper with 3pc Double Edged Plastic Razor Scraper Blades and 3pc Carbon Steel Razor Scraper Blades</p><p>$10.31</p><a href="https://www.amazon.com/dp/B000FW2NWQ?tag=eloabder-20&linkCode=osi&th=1&psc=1">View Product</a></div>
<div class="product"><a href="https://www.amazon.com/dp/B0BV2CQ5SW?tag=eloabder-20&linkCode=osi&th=1&psc=1"><img src="https://m.media-amazon.com/images/I/51VkTDjGg4L._SL500_.jpg" alt="Product Image"></a><p>Filterelated Mixed Bed Deionized Di Resin Filter Fill, Suitable For Spotless Car Wash System Filter Change, Tds Filter, Aquarium Filter, Deionized Car Wash,5 Liters</p><p>$49.99</p><a href="https://www.amazon.com/dp/B0BV2CQ5SW?tag=eloabder-20&linkCode=osi&th=1&psc=1">View Product</a></div><div class="product"><a href="https://www.amazon.com/dp/B01MRVQ9UE?tag=eloabder-20&linkCode=osi&th=1&psc=1"><img src="https://m.media-amazon.com/images/I/51+i6fjU6tL._SL500_.jpg" alt="Product Image"></a><p>Husqvarna XP Pre-Mixed Fuel and Engine Oil Quart (3 Pack),Blue</p><p>$32.99 ($0.34 / Count)</p><a href="https://www.amazon.com/dp/B01MRVQ9UE?tag=eloabder-20&linkCode=osi&th=1&psc=1">View Product</a></div>




<div class="product"><a href="https://www.amazon.com/dp/B01N2G2NEJ?tag=eloabder-20&linkCode=osi&th=1&psc=1"><img src="https://m.media-amazon.com/images/I/41-5g4zEDpL._SL500_.jpg" alt="Product Image"></a><p>Chemical Guys SPI10816 Heavy Duty Water Spot Remover, Safe for Cars, Trucks, Motorcycles, RVs & More, 16 fl oz</p><p>$17.97 ($1.12 / Fl Oz)</p><a href="https://www.amazon.com/dp/B01N2G2NEJ?tag=eloabder-20&linkCode=osi&th=1&psc=1">View Product</a></div>









<div class="product"><a href="https://www.amazon.com/dp/B08YRVH2QV?tag=eloabder-20&linkCode=osi&th=1&psc=1"><img src="https://m.media-amazon.com/images/I/5164O-Jr2QL._SL500_.jpg" alt="Product Image"></a><p>Thetford AquaMAX Summer Cypress Scent RV Holding Tank Treatment, Formaldehyde Free, Waste Digester, Septic Tank Safe, 5 Gallon Bottle (96754)</p><p>$248.18</p><a href="https://www.amazon.com/dp/B08YRVH2QV?tag=eloabder-20&linkCode=osi&th=1&psc=1">View Product</a></div><div class="product"><a href="https://www.amazon.com/dp/B0BPMW7485?tag=eloabder-20&linkCode=osi&th=1&psc=1"><img src="https://m.media-amazon.com/images/I/51WNuQeew7L._SL500_.jpg" alt="Product Image"></a><p>XFasten Butyl Tape Black 1/2” x 30’ x 1/8" Butyl Sealant Tape Headlight Sealant Putty Tape | Black Butyl Caulking Tape | Butyl Tape RV Putty Tape EPDM Automotive Butyl Rubber Window Sealant for RV</p><p>$13.99 ($0.47 / Foot)</p><a href="https://www.amazon.com/dp/B0BPMW7485?tag=eloabder-20&linkCode=osi&th=1&psc=1">View Product</a></div>
<div class="product"><a href="https://www.amazon.com/dp/B006DXWZQU?tag=eloabder-20&linkCode=osi&th=1&psc=1"><img src="https://m.media-amazon.com/images/I/41wtqfFFfQL._SL500_.jpg" alt="Product Image"></a><p>FRAM Ultra Synthetic Automotive Replacement Oil Filter, Designed for Synthetic Oil Changes Lasting up to 20k Miles, XG10575 with SureGrip (Pack of 1)</p><p>$10.79</p><a href="https://www.amazon.com/dp/B006DXWZQU?tag=eloabder-20&linkCode=osi&th=1&psc=1">View Product</a></div><div class="product"><a href="https://www.amazon.com/dp/B01LH7L0XA?tag=eloabder-20&linkCode=osi&th=1&psc=1"><img src="https://m.media-amazon.com/images/I/41yD3QmbyZL._SL500_.jpg" alt="Product Image"></a><p>Shell Rotella T4 Triple Protection Conventional 15W-40 Diesel Engine Oil (1-Gallon, Single Pack)</p><p>$15.98 ($0.12 / Fl Oz)</p><a href="https://www.amazon.com/dp/B01LH7L0XA?tag=eloabder-20&linkCode=osi&th=1&psc=1">View Product</a></div><div class="product"><a href="https://www.amazon.com/dp/B00ICSWGJ0?tag=eloabder-20&linkCode=osi&th=1&psc=1"><img src="https://m.media-amazon.com/images/I/41Ahz5dVc5L._SL500_.jpg" alt="Product Image"></a><p>Castrol Edge 5W-30 Advanced Full Synthetic Motor Oil, 5 Quarts</p><p>$24.72 ($0.15 / Fl Oz)</p><a href="https://www.amazon.com/dp/B00ICSWGJ0?tag=eloabder-20&linkCode=osi&th=1&psc=1">View Product</a></div><div class="product"><a href="https://www.amazon.com/dp/B01N8RPDT8?tag=eloabder-20&linkCode=osi&th=1&psc=1"><img src="https://m.media-amazon.com/images/I/41Qm+9e8sCL._SL500_.jpg" alt="Product Image"></a><p>Motorcraft - Oil - Engine (XO10W305Q3SD)</p><p>$32.27</p><a href="https://www.amazon.com/dp/B01N8RPDT8?tag=eloabder-20&linkCode=osi&th=1&psc=1">View Product</a></div>
<div class="product"><a href="https://www.amazon.com/dp/B07FTRZLM5?tag=eloabder-20&linkCode=osi&th=1&psc=1"><img src="https://m.media-amazon.com/images/I/416uoNYOsXL._SL500_.jpg" alt="Product Image"></a><p>Chemical Guys HOL126 14-Piece Arsenal Builder Car Wash Kit with Foam Gun, Bucket, and (5) 16 oz Car Care Cleaning Chemicals, Gift for Car & Truck Lovers, Dads and DIYers (Works w/Garden Hose)</p><p>$119.99</p><a href="https://www.amazon.com/dp/B07FTRZLM5?tag=eloabder-20&linkCode=osi&th=1&psc=1">View Product</a></div><div class="product"><a href="https://www.amazon.com/dp/B0741RL23Q?tag=eloabder-20&linkCode=osi&th=1&psc=1"><img src="https://m.media-amazon.com/images/I/410wwKZBYVL._SL500_.jpg" alt="Product Image"></a><p>Chemical Guys SPI220 Total Interior Cleaner and Protectant, Safe for Cars, Trucks, SUVs, Jeeps, Motorcycles, RVs & More, 128 fl oz (1 Gallon)</p><p>$54.99 ($0.43 / Fl Oz)</p><a href="https://www.amazon.com/dp/B0741RL23Q?tag=eloabder-20&linkCode=osi&th=1&psc=1">View Product</a></div><div class="product"><a href="https://www.amazon.com/dp/B002J7VX4Y?tag=eloabder-20&linkCode=osi&th=1&psc=1"><img src="https://m.media-amazon.com/images/I/41oijnffQ0L._SL500_.jpg" alt="Product Image"></a><p>Chemical Guys AIR_101_16 New Car Smell Premium Air Freshener and Odor Eliminator, Long-Lasting Scent, Great for Cars, Trucks, SUVs, RVs & More, 16 fl oz</p><p>$10.99 ($0.69 / Fl Oz)</p><a href="https://www.amazon.com/dp/B002J7VX4Y?tag=eloabder-20&linkCode=osi&th=1&psc=1">View Product</a></div><div class="product"><a href="https://www.amazon.com/dp/B077TPG55M?tag=eloabder-20&linkCode=osi&th=1&psc=1"><img src="https://m.media-amazon.com/images/I/51aYksYRthL._SL500_.jpg" alt="Product Image"></a><p>Chemical Guys CWS20264 Tough Mudder Foaming Truck, Off Road, ATV and RV Heavy Duty Wash Soap,(Works with Foam Cannons, Foam Guns or Bucket Washes), 64 fl oz (Half Gallon), Lemon Scent</p><p>$39.99 ($0.62 / Fl Oz)</p><a href="https://www.amazon.com/dp/B077TPG55M?tag=eloabder-20&linkCode=osi&th=1&psc=1">View Product</a></div><div class="product"><a href="https://www.amazon.com/dp/B00BJCAPEE?tag=eloabder-20&linkCode=osi&th=1&psc=1"><img src="https://m.media-amazon.com/images/I/416RIPKVW1L._SL500_.jpg" alt="Product Image"></a><p>Chemical Guys CWS_402 Mr. Pink Foaming Car Wash Soap (Works with Foam Cannons, Foam Guns or Bucket Washes) Safe for Cars, Trucks, Motorcycles, RVs & More, 128 fl oz, Candy Scent</p><p>$39.99 ($0.31 / Fl Oz)</p><a href="https://www.amazon.com/dp/B00BJCAPEE?tag=eloabder-20&linkCode=osi&th=1&psc=1">View Product</a></div><div class="product"><a href="https://www.amazon.com/dp/B01C6AISUK?tag=eloabder-20&linkCode=osi&th=1&psc=1"><img src="https://m.media-amazon.com/images/I/41FrDCDPB6S._SL500_.jpg" alt="Product Image"></a><p>Chemical Guys CLD_700_16 Mat Renew Rubber + Vinyl Floor Mat Cleaner And Protectant, Safe for Cars, Trucks, SUVs, Motorcycles, RVs & More, 16 fl oz</p><p>$10.99 ($0.69 / Fl Oz)</p><a href="https://www.amazon.com/dp/B01C6AISUK?tag=eloabder-20&linkCode=osi&th=1&psc=1">View Product</a></div><div class="product"><a href="https://www.amazon.com/dp/B01N76S0A7?tag=eloabder-20&linkCode=osi&th=1&psc=1"><img src="https://m.media-amazon.com/images/I/51jurhYPCgL._SL500_.jpg" alt="Product Image"></a><p>Chemical Guys HOL131 Premium Chenille Microfiber Car Wash Mop and Heavy Duty Extendable Pole Kit (Great for RVs, Trucks, SUVs, Jeeps & Large Vehicles), With Mr. Pink Foaming Car Wash Soap - 4 fl oz</p><p>$49.99</p><a href="https://www.amazon.com/dp/B01N76S0A7?tag=eloabder-20&linkCode=osi&th=1&psc=1">View Product</a></div><div class="product"><a href="https://www.amazon.com/dp/B009OTW646?tag=eloabder-20&linkCode=osi&th=1&psc=1"><img src="https://m.media-amazon.com/images/I/41lG36UqLBL._SL500_.jpg" alt="Product Image"></a><p>Chemical Guys CWS 110 Honeydew Snow Foam Car Wash Soap (Works with Foam Cannons, Guns or Bucket Washes) Safe for Trucks, Motorcycles, RVs & More, 128 fl oz (1 Gallon), Honeydew Scent</p><p>$39.99 ($0.31 / Fl Oz)</p><a href="https://www.amazon.com/dp/B009OTW646?tag=eloabder-20&linkCode=osi&th=1&psc=1">View Product</a></div><div class="product"><a href="https://www.amazon.com/dp/B08P54Z2C2?tag=eloabder-20&linkCode=osi&th=1&psc=1"><img src="https://m.media-amazon.com/images/I/41Ra65iS2OL._SL500_.jpg" alt="Product Image"></a><p>Chemical Guys WAC23316 HydroSpeed Ceramic Quick Detailer, Safe for Cars, Trucks, SUVs, Motorcycles, RVs & More, 16 fl oz</p><p>$24.99</p><a href="https://www.amazon.com/dp/B08P54Z2C2?tag=eloabder-20&linkCode=osi&th=1&psc=1">View Product</a></div>
<div class="product"><a href="https://www.amazon.com/dp/B0C7WLPQC7?tag=eloabder-20&linkCode=osi&th=1&psc=1"><img src="https://m.media-amazon.com/images/I/41hJeSxsSWL._SL500_.jpg" alt="Product Image"></a><p>Detail King Car Odor Removal - Chlorine Dioxide Cup - Extreme Odor Eliminator For Car - Safe And Easy To Use (3 Oz (Pack of 1) - Plastic)</p><p>$24.95 ($8.32 / Ounce)</p><a href="https://www.amazon.com/dp/B0C7WLPQC7?tag=eloabder-20&linkCode=osi&th=1&psc=1">View Product</a></div>

<div class="product"><a href="https://www.amazon.com/dp/B0052XFWCG?tag=eloabder-20&linkCode=osi&th=1&psc=1"><img src="https://m.media-amazon.com/images/I/41qajeJVXLL._SL500_.jpg" alt="Product Image"></a><p>Hot Shot's Secret HSS64Z Original Stiction Eliminator 64 Fluid Ounce Bottle, Green</p><p>$53.45 ($0.84 / Fl Oz)</p><a href="https://www.amazon.com/dp/B0052XFWCG?tag=eloabder-20&linkCode=osi&th=1&psc=1">View Product</a></div><div class="product"><a href="https://www.amazon.com/dp/B009M64CAW?tag=eloabder-20&linkCode=osi&th=1&psc=1"><img src="https://m.media-amazon.com/images/I/417D8X0nkBL._SL500_.jpg" alt="Product Image"></a><p>Lucas Oil 10679 Hot Rod & Classic Car SAE 10W-30 Motor Oil - 5 Quart</p><p>$38.50 ($0.24 / Fl Oz)</p><a href="https://www.amazon.com/dp/B009M64CAW?tag=eloabder-20&linkCode=osi&th=1&psc=1">View Product</a></div><div class="product"><a href="https://www.amazon.com/dp/B01L9ARY9O?tag=eloabder-20&linkCode=osi&th=1&psc=1"><img src="https://m.media-amazon.com/images/I/51yaZAYH75L._SL500_.jpg" alt="Product Image"></a><p>FPPF Chemical Co 00161 16 OZ HOT 4-in-1 Heating Oil Treatment (2 Bottles)</p><p>$26.42</p><a href="https://www.amazon.com/dp/B01L9ARY9O?tag=eloabder-20&linkCode=osi&th=1&psc=1">View Product</a></div><div class="product"><a href="https://www.amazon.com/dp/B009M64CUM?tag=eloabder-20&linkCode=osi&th=1&psc=1"><img src="https://m.media-amazon.com/images/I/41yiWaF8YQL._SL500_.jpg" alt="Product Image"></a><p>Lucas Oil 10683 Hot Rod & Classic Car SAE 10W-40 Motor Oil - 5 Quart</p><p>$43.24 ($0.27 / Fl Oz)</p><a href="https://www.amazon.com/dp/B009M64CUM?tag=eloabder-20&linkCode=osi&th=1&psc=1">View Product</a></div><div class="product"><a href="https://www.amazon.com/dp/B0973HNRH9?tag=eloabder-20&linkCode=osi&th=1&psc=1"><img src="https://m.media-amazon.com/images/I/41kyGGJa--L._SL500_.jpg" alt="Product Image"></a><p>Hot Shot's Secret FR3 Friction Reducer 64 Fluid Ounce 2 Quarts, Light Yellow Liquid, (HSSFR364Z)</p><p>$59.73 ($0.93 / Fl Oz)</p><a href="https://www.amazon.com/dp/B0973HNRH9?tag=eloabder-20&linkCode=osi&th=1&psc=1">View Product</a></div><div class="product"><a href="https://www.amazon.com/dp/B082YFQQ25?tag=eloabder-20&linkCode=osi&th=1&psc=1"><img src="https://m.media-amazon.com/images/I/511PTX7LlZL._SL500_.jpg" alt="Product Image"></a><p>Hot Shot's Secret Green Diamond 100 Percent Synthetic 15W40 Oil Diesel 1 Gallon</p><p>$39.99 ($0.31 / Fl Oz)</p><a href="https://www.amazon.com/dp/B082YFQQ25?tag=eloabder-20&linkCode=osi&th=1&psc=1">View Product</a></div>















<div class="product"><a href="https://www.amazon.com/dp/B08PTMXCJL?tag=eloabder-20&linkCode=osi&th=1&psc=1"><img src="https://m.media-amazon.com/images/I/410eJv-7UHL._SL500_.jpg" alt="Product Image"></a><p>Moly Grease | 3% Molybdenum Disulfide | Fifth Wheel | 5th | Automotive | Tractor | Axle | Spline | CV Joint | Lithium EP Grease | High Temp | 35 LB Pail Bucket | Black Moly | NLGI 2 | HeavyDuty Moly</p><p>$174.99 ($0.31 / Ounce)</p><a href="https://www.amazon.com/dp/B08PTMXCJL?tag=eloabder-20&linkCode=osi&th=1&psc=1">View Product</a></div><div class="product"><a href="https://www.amazon.com/dp/B08PTHJTK5?tag=eloabder-20&linkCode=osi&th=1&psc=1"><img src="https://m.media-amazon.com/images/I/41VdMjJ38aL._SL500_.jpg" alt="Product Image"></a><p>Wheel Bearing Grease Pail | Lithium Complex | High Temp EP | CV Joint | Axle | Automotive | Tractor | Truck | Ball Joint | Marine Boat | Gear | Heavy Duty | Blue | 35 LB Bucket | NLGI 2 | MultiPurpose</p><p>$167.99 ($0.30 / Ounce)</p><a href="https://www.amazon.com/dp/B08PTHJTK5?tag=eloabder-20&linkCode=osi&th=1&psc=1">View Product</a></div><div class="product"><a href="https://www.amazon.com/dp/B0013J1UA6?tag=eloabder-20&linkCode=osi&th=1&psc=1"><img src="https://m.media-amazon.com/images/I/41G0Fkf7KnL._SL500_.jpg" alt="Product Image"></a><p>CRC Food Grade Chain Lube 03055 – 12 Wt. Oz. Aerosol, NSF H1 Gear, Chain, and Wire Lubricant</p><p>$19.25 ($1.60 / Ounce)</p><a href="https://www.amazon.com/dp/B0013J1UA6?tag=eloabder-20&linkCode=osi&th=1&psc=1">View Product</a></div>





<div class="product"><a href="https://www.amazon.com/dp/B08GQ9G2V5?tag=eloabder-20&linkCode=osi&th=1&psc=1"><img src="https://m.media-amazon.com/images/I/511+rapOlWL._SL500_.jpg" alt="Product Image"></a><p>Armor All Car Air Freshener and Purifier, Car Odor Eliminator, 1.5 Ounce (Pack of 3)</p><p>$21.21 ($4.71 / Ounce)</p><a href="https://www.amazon.com/dp/B08GQ9G2V5?tag=eloabder-20&linkCode=osi&th=1&psc=1">View Product</a></div>







<div class="product"><a href="https://www.amazon.com/dp/B001229JCU?tag=eloabder-20&linkCode=osi&th=1&psc=1"><img src="https://m.media-amazon.com/images/I/31W6FuKPMcL._SL500_.jpg" alt="Product Image"></a><p>First Alert EZ Fire Spray, Extinguishing Aerosol Spray, AF400 Red 18 Ounce (Pack of 1)</p><p>$12.49</p><a href="https://www.amazon.com/dp/B001229JCU?tag=eloabder-20&linkCode=osi&th=1&psc=1">View Product</a></div><div class="product"><a href="https://www.amazon.com/dp/B002U0KGDY?tag=eloabder-20&linkCode=osi&th=1&psc=1"><img src="https://m.media-amazon.com/images/I/51p6R+mcRhL._SL500_.jpg" alt="Product Image"></a><p>First Alert EZ Fire Spray, Extinguishing Aerosol Spray, Pack of 2, AF400-2, RED</p><p>$27.02</p><a href="https://www.amazon.com/dp/B002U0KGDY?tag=eloabder-20&linkCode=osi&th=1&psc=1">View Product</a></div>
<div class="product"><a href="https://www.amazon.com/dp/B0088LVBUQ?tag=eloabder-20&linkCode=osi&th=1&psc=1"><img src="https://m.media-amazon.com/images/I/31h7l-l6u2L._SL500_.jpg" alt="Product Image"></a><p>Seymour EN-59 Hi-Tech Engine Spray Paint, General Motors Red</p><p>$9.08 ($0.76 / Ounce)</p><a href="https://www.amazon.com/dp/B0088LVBUQ?tag=eloabder-20&linkCode=osi&th=1&psc=1">View Product</a></div>




<div class="product"><a href="https://www.amazon.com/dp/B000HBNU9K?tag=eloabder-20&linkCode=osi&th=1&psc=1"><img src="https://m.media-amazon.com/images/I/41URzfKaVsL._SL500_.jpg" alt="Product Image"></a><p>Permatex 27828 Body Shop Heavy Duty Headliner Adhesive, High-Strength Spray Adhesive, Repair Detached Or Loose Interior Parts, Dries Clear, Aerosol Can, 16.75 Oz</p><p>$17.05 ($1.02 / Ounce)</p><a href="https://www.amazon.com/dp/B000HBNU9K?tag=eloabder-20&linkCode=osi&th=1&psc=1">View Product</a></div><div class="product"><a href="https://www.amazon.com/dp/B001VXXEXU?tag=eloabder-20&linkCode=osi&th=1&psc=1"><img src="https://m.media-amazon.com/images/I/5112onMwzaL._SL500_.jpg" alt="Product Image"></a><p>Vibra-TITE 213 Red VC-3 Original Threadmate, 250ml Can</p><p>$99.19</p><a href="https://www.amazon.com/dp/B001VXXEXU?tag=eloabder-20&linkCode=osi&th=1&psc=1">View Product</a></div><div class="product"><a href="https://www.amazon.com/dp/B0CWPSLTR1?tag=eloabder-20&linkCode=osi&th=1&psc=1"><img src="https://m.media-amazon.com/images/I/31ytleZjjaL._SL500_.jpg" alt="Product Image"></a><p>P & S PROFESSIONAL DETAIL PRODUCTS - Terminator Enzyme Spot and Stain Remover - Perfect for Deodorizing, Removing Embedded Soils, Grease, Dirt, and Protein-Based Stains; Fresh Scent (1 Quart)</p><p>$25.95 ($0.81 / Fl Oz)</p><a href="https://www.amazon.com/dp/B0CWPSLTR1?tag=eloabder-20&linkCode=osi&th=1&psc=1">View Product</a></div><div class="product"><a href="https://www.amazon.com/dp/B07GFNQL9H?tag=eloabder-20&linkCode=osi&th=1&psc=1"><img src="https://m.media-amazon.com/images/I/41AA3Nbt8OL._SL500_.jpg" alt="Product Image"></a><p>Gunk FEB1 Foamy Engine Brite Engine Cleaner - 17oz. 2 Pack</p><p>$17.95 ($0.53 / Ounce)</p><a href="https://www.amazon.com/dp/B07GFNQL9H?tag=eloabder-20&linkCode=osi&th=1&psc=1">View Product</a></div>



<div class="product"><a href="https://www.amazon.com/dp/B003SKCARK?tag=eloabder-20&linkCode=osi&th=1&psc=1"><img src="https://m.media-amazon.com/images/I/41rvU5irgRL._SL500_.jpg" alt="Product Image"></a><p>Obenauf's Heavy Duty LP Leather Preservative (4oz)- All Natural Beeswax Oil Conditioner- Rejuvenate Restore & Preserve Sunfaded or Cracked Boots Jackets Saddles Car Auto Upholstery Furniture- USA Made</p><p>$15.99</p><a href="https://www.amazon.com/dp/B003SKCARK?tag=eloabder-20&linkCode=osi&th=1&psc=1">View Product</a></div>
Aucun résultat trouvé.

<div class="product"><a href="https://www.amazon.com/dp/B0CLWDDWHX?tag=eloabder-20&linkCode=osi&th=1&psc=1"><img src="https://m.media-amazon.com/images/I/51HPMtia03L._SL500_.jpg" alt="Product Image"></a><p>Fire Fix Fire Extinguisher for Home 5-Pack | Made in USA | Emergency Fire Spray Foam for Apartment, Boat, Camping, Car, House, Kitchen & Vehicle | Safety & Survival | Compact, Small, Safe & Easy Use</p><p>$56.95</p><a href="https://www.amazon.com/dp/B0CLWDDWHX?tag=eloabder-20&linkCode=osi&th=1&psc=1">View Product</a></div><div class="product"><a href="https://www.amazon.com/dp/B0CKZF9H3D?tag=eloabder-20&linkCode=osi&th=1&psc=1"><img src="https://m.media-amazon.com/images/I/41+Q4YdByuL._SL500_.jpg" alt="Product Image"></a><p>Firexo All Fires Fire Extinguisher - Multipurpose Mini Aerosol - Pack of 6 - Home, Kitchen, Car, Garage, Boat, Caravan, Camping Household, ABC, Vehicle, Compact, RV, Emergency Equipment (0.1 Gal)</p><p>$139.99</p><a href="https://www.amazon.com/dp/B0CKZF9H3D?tag=eloabder-20&linkCode=osi&th=1&psc=1">View Product</a></div>
Aucun résultat trouvé.
Aucun résultat trouvé.






<div class="product"><a href="https://www.amazon.com/dp/B00FOKOKMU?tag=eloabder-20&linkCode=osi&th=1&psc=1"><img src="https://m.media-amazon.com/images/I/41KsUW-6WOL._SL500_.jpg" alt="Product Image"></a><p>The Original Leather Recoloring Balm by Furniture Clinic - 16 Colors - Leather Repair Kit for Furniture - Restore Couches, Car Seats & More - Leather Dye for Scratched and Faded Leather (Beige)</p><p>$29.95</p><a href="https://www.amazon.com/dp/B00FOKOKMU?tag=eloabder-20&linkCode=osi&th=1&psc=1">View Product</a></div>


<div class="product"><a href="https://www.amazon.com/dp/B0BQX6CPLS?tag=eloabder-20&linkCode=osi&th=1&psc=1"><img src="https://m.media-amazon.com/images/I/51OtuHOIJpL._SL500_.jpg" alt="Product Image"></a><p>Dry Stop Fire Spray by Prepared Hero - 8 Pack - Portable Fire Extinguisher for Home, Car, Garage, Kitchen - Works on Electrical, Grease, Battery Fires & More - Compact, Easy to Use</p><p>$143.99</p><a href="https://www.amazon.com/dp/B0BQX6CPLS?tag=eloabder-20&linkCode=osi&th=1&psc=1">View Product</a></div><div class="product"><a href="https://www.amazon.com/dp/B0BQX76B9K?tag=eloabder-20&linkCode=osi&th=1&psc=1"><img src="https://m.media-amazon.com/images/I/51iHCSuHw5L._SL500_.jpg" alt="Product Image"></a><p>Vapor Clean Fire Spray by Prepared Hero - 8 Pack - Portable Fire Extinguisher for Home, Car, Garage, Kitchen - Works on Electrical, Grease, Battery Fires & More - Compact, Easy to Use</p><p>$143.99</p><a href="https://www.amazon.com/dp/B0BQX76B9K?tag=eloabder-20&linkCode=osi&th=1&psc=1">View Product</a></div><div class="product"><a href="https://www.amazon.com/dp/B0C32NVZJZ?tag=eloabder-20&linkCode=osi&th=1&psc=1"><img src="https://m.media-amazon.com/images/I/61coxTM3mSL._SL500_.jpg" alt="Product Image"></a><p>Houandg Water-Based Fire Extinguisher- 2 Pack Portable Solution for All Fire Types in Homes, Vehicles, Kitchens - Prevents Re-Ignition</p><p>$33.98</p><a href="https://www.amazon.com/dp/B0C32NVZJZ?tag=eloabder-20&linkCode=osi&th=1&psc=1">View Product</a></div>
<div class="product"><a href="https://www.amazon.com/dp/B00L3W1OAO?tag=eloabder-20&linkCode=osi&th=1&psc=1"><img src="https://m.media-amazon.com/images/I/414uILMLuaL._SL500_.jpg" alt="Product Image"></a><p>Pro F/X Rubber Mask Grease Wheel - 1 Ounce - Trauma</p><p>$27.01</p><a href="https://www.amazon.com/dp/B00L3W1OAO?tag=eloabder-20&linkCode=osi&th=1&psc=1">View Product</a></div>
<div class="product"><a href="https://www.amazon.com/dp/B0CZ16SHCH?tag=eloabder-20&linkCode=osi&th=1&psc=1"><img src="https://m.media-amazon.com/images/I/31pYxaz4gYL._SL500_.jpg" alt="Product Image"></a><p>P & S PROFESSIONAL DETAIL PRODUCTS - Rehab - Paint Correction Creme Safe for All Paint Types and with Multiple pad Types - Easy-to-use-Formula Works at Any Stage of Paint Correction - 1 Quart</p><p>$56.95</p><a href="https://www.amazon.com/dp/B0CZ16SHCH?tag=eloabder-20&linkCode=osi&th=1&psc=1">View Product</a></div><div class="product"><a href="https://www.amazon.com/dp/B082BG8HLX?tag=eloabder-20&linkCode=osi&th=1&psc=1"><img src="https://m.media-amazon.com/images/I/31OAXbv7QFL._SL500_.jpg" alt="Product Image"></a><p>Lithium Auto Elixirs Color Crush- A rather intense approach to an Instant Detailer, Infused with color enhancing technology - Extremely Hydrophobic ingredients, long lasting Instant Detailer</p><p>$19.95 ($1.25 / Fl Oz)</p><a href="https://www.amazon.com/dp/B082BG8HLX?tag=eloabder-20&linkCode=osi&th=1&psc=1">View Product</a></div><div class="product"><a href="https://www.amazon.com/dp/B07MTPWZ76?tag=eloabder-20&linkCode=osi&th=1&psc=1"><img src="https://m.media-amazon.com/images/I/41v5yubrqoL._SL500_.jpg" alt="Product Image"></a><p>Lithium Seal and Squeal Paint Sealant/Polish - Incredible Shine and Lasting Protection - Curable Amino Functional Polymers Fused with Si02 Ceramic Nano Technology -Lasts for up to 12 Months (16 oz)</p><p>$39.99 ($2.50 / Ounce)</p><a href="https://www.amazon.com/dp/B07MTPWZ76?tag=eloabder-20&linkCode=osi&th=1&psc=1">View Product</a></div><div class="product"><a href="https://www.amazon.com/dp/B07MVNX377?tag=eloabder-20&linkCode=osi&th=1&psc=1"><img src="https://m.media-amazon.com/images/I/31gEqFf7rhL._SL500_.jpg" alt="Product Image"></a><p>Leather Love - The Best Leather Conditioner On The Planet, Brings Old Leather Back To Life, All Natural Ingredients Mixed With Serious Science, Restores, Rehydrates, Protects (8oz)</p><p>$28.99 ($3.62 / Ounce)</p><a href="https://www.amazon.com/dp/B07MVNX377?tag=eloabder-20&linkCode=osi&th=1&psc=1">View Product</a></div><div class="product"><a href="https://www.amazon.com/dp/B07MTQP514?tag=eloabder-20&linkCode=osi&th=1&psc=1"><img src="https://m.media-amazon.com/images/I/311IYwH-oaL._SL500_.jpg" alt="Product Image"></a><p>Trim Serum- Plastic Restorer- Restores Even the Most Damaged Plastic, Rubber and Vinyl, Last For Months, Penetrates Plastic Pores Restoring Color. (16 Oz)</p><p>$36.99</p><a href="https://www.amazon.com/dp/B07MTQP514?tag=eloabder-20&linkCode=osi&th=1&psc=1">View Product</a></div><div class="product"><a href="https://www.amazon.com/dp/B07236X7TS?tag=eloabder-20&linkCode=osi&th=1&psc=1"><img src="https://m.media-amazon.com/images/I/51-mgxYD9kL._SL500_.jpg" alt="Product Image"></a><p>Skidmore's Biker Edition Leather Cream | All Natural Formula Cleans, Conditions, and Protects your Motorcycle | Made in USA</p><p>$44.98</p><a href="https://www.amazon.com/dp/B07236X7TS?tag=eloabder-20&linkCode=osi&th=1&psc=1">View Product</a></div><div class="product"><a href="https://www.amazon.com/dp/B001CS6HH4?tag=eloabder-20&linkCode=osi&th=1&psc=1"><img src="https://m.media-amazon.com/images/I/41wY0SB+DWL._SL500_.jpg" alt="Product Image"></a><p>Fiebing's Yellow Saddle Soap for Leather (3.5 oz Tin) - Leather Cleaner & Conditioner to Soften, Protect & Restore Leathercraft - Leather Soap for Car Seat, Couch, Shoe, Purse, Boot, Bag, & Saddles</p><p>$7.15 ($2.04 / Ounce)</p><a href="https://www.amazon.com/dp/B001CS6HH4?tag=eloabder-20&linkCode=osi&th=1&psc=1">View Product</a></div><div class="product"><a href="https://www.amazon.com/dp/B08RHZ1BKD?tag=eloabder-20&linkCode=osi&th=1&psc=1"><img src="https://m.media-amazon.com/images/I/21WKh31c4tL._SL500_.jpg" alt="Product Image"></a><p>Lithium Ignite After Wash - Conditions and Shines Surfaces as You Dry. Streak-Free Hydrophobic Formula adds Lubrication to Stop Micro Scratching While Surfaces pop with Color.</p><p>$21.99 ($1.37 / Fl Oz)</p><a href="https://www.amazon.com/dp/B08RHZ1BKD?tag=eloabder-20&linkCode=osi&th=1&psc=1">View Product</a></div><div class="product"><a href="https://www.amazon.com/dp/B0003A1T3E?tag=eloabder-20&linkCode=osi&th=1&psc=1"><img src="https://m.media-amazon.com/images/I/41042PKJ1ZL._SL500_.jpg" alt="Product Image"></a><p>URAD One step All-In-One Leather conditioner 140g - NEUTRAL</p><p>$16.13</p><a href="https://www.amazon.com/dp/B0003A1T3E?tag=eloabder-20&linkCode=osi&th=1&psc=1">View Product</a></div>

<div class="product"><a href="https://www.amazon.com/dp/B0B3NFH3QY?tag=eloabder-20&linkCode=osi&th=1&psc=1"><img src="https://m.media-amazon.com/images/I/51sKVZnP-WL._SL500_.jpg" alt="Product Image"></a><p>Little Joe 96427-6PK I Love Hockey New Car Scent Red Car Air Freshener A/C Vent Clip Uses Alcohol-Free Fragrance Oil is Non-Hazardous and Non-Toxic Plastic, Pack of 6</p><p>$21.99 ($3.66 / Count)</p><a href="https://www.amazon.com/dp/B0B3NFH3QY?tag=eloabder-20&linkCode=osi&th=1&psc=1">View Product</a></div><div class="product"><a href="https://www.amazon.com/dp/B072275K82?tag=eloabder-20&linkCode=osi&th=1&psc=1"><img src="https://m.media-amazon.com/images/I/41wDnF6SiAL._SL500_.jpg" alt="Product Image"></a><p>Little Joe 96404-6PK Fruit Scent, Car Air Freshener, Clips to A/C Air Vent, Alcohol-Free Fragrance Oil, Non-Hazardous and Non-Toxic Plastic, Set of 6</p><p>$16.60 ($2.77 / Count)</p><a href="https://www.amazon.com/dp/B072275K82?tag=eloabder-20&linkCode=osi&th=1&psc=1">View Product</a></div><div class="product"><a href="https://www.amazon.com/dp/B0CQPQ2S4W?tag=eloabder-20&linkCode=osi&th=1&psc=1"><img src="https://m.media-amazon.com/images/I/31iRknmvjeL._SL500_.jpg" alt="Product Image"></a><p>Little Pup 96613 Blue Raspberry Slushy Scent Car Air Freshener A/C Vent Clip Uses Alcohol-Free Fragrance Oil is Non Hazardous and Non Toxic, Pack of 1</p><p>$3.94</p><a href="https://www.amazon.com/dp/B0CQPQ2S4W?tag=eloabder-20&linkCode=osi&th=1&psc=1">View Product</a></div><div class="product"><a href="https://www.amazon.com/dp/B0CQPNMTM4?tag=eloabder-20&linkCode=osi&th=1&psc=1"><img src="https://m.media-amazon.com/images/I/41eEovL+zML._SL500_.jpg" alt="Product Image"></a><p>Little Joe 96414-6PK Orange Creamsicle Scent Car Air Freshener A/C Vent Clip Uses Alcohol-Free Fragrance Oil is Non-Hazardous and Non-Toxic Plastic, Pack of 6</p><p>$25.99 ($4.33 / Count)</p><a href="https://www.amazon.com/dp/B0CQPNMTM4?tag=eloabder-20&linkCode=osi&th=1&psc=1">View Product</a></div><div class="product"><a href="https://www.amazon.com/dp/B0CH9KNNZN?tag=eloabder-20&linkCode=osi&th=1&psc=1"><img src="https://m.media-amazon.com/images/I/41jX66PGMTL._SL500_.jpg" alt="Product Image"></a><p>TAKAVU Clay Bars Auto Detailing 2 Pack X 100g, Premium Grade Material, Magic Clay Bar Cleaner for Cars, RV, Boat and Bus (Grey)</p><p>$9.99</p><a href="https://www.amazon.com/dp/B0CH9KNNZN?tag=eloabder-20&linkCode=osi&th=1&psc=1">View Product</a></div>

<div class="product"><a href="https://www.amazon.com/dp/B004UM6DLE?tag=eloabder-20&linkCode=osi&th=1&psc=1"><img src="https://m.media-amazon.com/images/I/314nawyx6sL._SL500_.jpg" alt="Product Image"></a><p>CARPRO IronX Iron Remover: Stops Rust Spots and Pre-Mature Failure of The Clear Coat, Iron Contaminant Removal - 500mL with Sprayer (17oz)</p><p>$26.78</p><a href="https://www.amazon.com/dp/B004UM6DLE?tag=eloabder-20&linkCode=osi&th=1&psc=1">View Product</a></div><div class="product"><a href="https://www.amazon.com/dp/B01HXZXO98?tag=eloabder-20&linkCode=osi&th=1&psc=1"><img src="https://m.media-amazon.com/images/I/41Ne9OfQGzL._SL500_.jpg" alt="Product Image"></a><p>Chemical Guys CWS80316 Clean Slate Deep Surface Cleaning Car Wash Soap (Removes Old Car Waxes, Glazes & Sealants for Superior Surface Prep), 16 fl oz, Citrus Scent</p><p>$11.99 ($0.75 / Fl Oz)</p><a href="https://www.amazon.com/dp/B01HXZXO98?tag=eloabder-20&linkCode=osi&th=1&psc=1">View Product</a></div><div class="product"><a href="https://www.amazon.com/dp/B07C39H9YX?tag=eloabder-20&linkCode=osi&th=1&psc=1"><img src="https://m.media-amazon.com/images/I/31yK3Vb5xWL._SL500_.jpg" alt="Product Image"></a><p>Adam's Polishes Iron Remover (16oz) - Iron Out Fallout Rust Remover Spray for Car Detailing | Remove Iron Particles in Car Paint, Motorcycle, RV & Boat | Use Before Clay Bar, Car Wax or Car Wash</p><p>$16.99</p><a href="https://www.amazon.com/dp/B07C39H9YX?tag=eloabder-20&linkCode=osi&th=1&psc=1">View Product</a></div><div class="product"><a href="https://www.amazon.com/dp/B0BTJ9DJM5?tag=eloabder-20&linkCode=osi&th=1&psc=1"><img src="https://m.media-amazon.com/images/I/41tNMqlDrxL._SL500_.jpg" alt="Product Image"></a><p>Torque Detail Decon Wash Pack - Decontamination Soap 8oz + Wash Mitt - Surface Strip Wash Car Shampoo - Highly Absorbent Microfiber Chenille Car Wash Mitt Safely Cleans Your Vehicles Entire Surface</p><p>$24.95 ($3.12 / Fl Oz)</p><a href="https://www.amazon.com/dp/B0BTJ9DJM5?tag=eloabder-20&linkCode=osi&th=1&psc=1">View Product</a></div><div class="product"><a href="https://www.amazon.com/dp/B013K5V9PQ?tag=eloabder-20&linkCode=osi&th=1&psc=1"><img src="https://m.media-amazon.com/images/I/41V3rm6NlZL._SL500_.jpg" alt="Product Image"></a><p>CARPRO PolyShave Decon Towel - Car Detailing Clay Decontamination Faster than Clay Bar, Clean & Release of Paint Contaminants and Glass - Increase Wax and Sealant Bond - 12" x 12" (1 Pack)</p><p>$39.97</p><a href="https://www.amazon.com/dp/B013K5V9PQ?tag=eloabder-20&linkCode=osi&th=1&psc=1">View Product</a></div><div class="product"><a href="https://www.amazon.com/dp/B0B788NBWG?tag=eloabder-20&linkCode=osi&th=1&psc=1"><img src="https://m.media-amazon.com/images/I/51NDfAOuEmL._SL500_.jpg" alt="Product Image"></a><p>P & S Professional Detail Products - Clay Decontamination Towel - Effective Cleaning & Release of Paint Contaminants; Increase Wax & Sealant Bond; Enhance Gloss & Depth of Color; Fine Grade-12" x 12"</p><p>$34.95</p><a href="https://www.amazon.com/dp/B0B788NBWG?tag=eloabder-20&linkCode=osi&th=1&psc=1">View Product</a></div><div class="product"><a href="https://www.amazon.com/dp/B0B27TFK69?tag=eloabder-20&linkCode=osi&th=1&psc=1"><img src="https://m.media-amazon.com/images/I/41zJPQIcqeL._SL500_.jpg" alt="Product Image"></a><p>The Rag Company - Ultra Clay Decontamination Mitt - Easy to Use; Effective Cleaning & Release of Paint Contaminants; Increase Wax & Sealant Bond; Enhance Gloss &Color Depth; Fine Grade (8.7"x5.7")</p><p>$34.95</p><a href="https://www.amazon.com/dp/B0B27TFK69?tag=eloabder-20&linkCode=osi&th=1&psc=1">View Product</a></div><div class="product"><a href="https://www.amazon.com/dp/B0C6XBN14N?tag=eloabder-20&linkCode=osi&th=1&psc=1"><img src="https://m.media-amazon.com/images/I/31BSavOJ89L._SL500_.jpg" alt="Product Image"></a><p>3D Iron Remover GLW Series | DIY Car Detailing | Hyper Effective Wheel Decontamination | Removes Iron Particles, Dirt, Brake Dust | Rapid Results | Ultimate Iron & Surface Contaminate Eliminator, 16oz</p><p>$17.99</p><a href="https://www.amazon.com/dp/B0C6XBN14N?tag=eloabder-20&linkCode=osi&th=1&psc=1">View Product</a></div>







<div class="product"><a href="https://www.amazon.com/dp/B0D2SPCW3G?tag=eloabder-20&linkCode=osi&th=1&psc=1"><img src="https://m.media-amazon.com/images/I/41JYIg6xqqL._SL500_.jpg" alt="Product Image"></a><p>Crankcase Ventilation Oil Separator with Gasket Compatible for 2008-2014 Volvo Mack D13 D16 MP8 Engine Replace 21122541 20499419</p><p>$155.99</p><a href="https://www.amazon.com/dp/B0D2SPCW3G?tag=eloabder-20&linkCode=osi&th=1&psc=1">View Product</a></div>

<div class="product"><a href="https://www.amazon.com/dp/B0C6M2FHGX?tag=eloabder-20&linkCode=osi&th=1&psc=1"><img src="https://m.media-amazon.com/images/I/21wWRrpHdbL._SL500_.jpg" alt="Product Image"></a><p>eMagTech 9PCS Warning Sign Please No Smoking Vaping Food Drink Stickers 110x50mm Self-Adhesive Vinyl Window Decal for Car Taxis Buses Minibuses</p><p>$9.49</p><a href="https://www.amazon.com/dp/B0C6M2FHGX?tag=eloabder-20&linkCode=osi&th=1&psc=1">View Product</a></div>

Aucun résultat trouvé.

<div class="product"><a href="https://www.amazon.com/dp/B0CVWZZMRY?tag=eloabder-20&linkCode=osi&th=1&psc=1"><img src="https://m.media-amazon.com/images/I/512y-1GwQNL._SL500_.jpg" alt="Product Image"></a><p>Jewkot 4 PCS Car Wiper Strip, 28" Boneless Structure Car Windshield Cleaning Wiper Strip, DIY Length Auxiliary Cleaning Replacement Accessory, Suitable for Most Cars, Vans, Trucks, Buses (Black)</p><p>$5.58</p><a href="https://www.amazon.com/dp/B0CVWZZMRY?tag=eloabder-20&linkCode=osi&th=1&psc=1">View Product</a></div>
<div class="product"><a href="https://www.amazon.com/dp/B07L3VQC6W?tag=eloabder-20&linkCode=osi&th=1&psc=1"><img src="https://m.media-amazon.com/images/I/41GebP+2HYL._SL500_.jpg" alt="Product Image"></a><p>BRISA VW Collection Volkswagen Air Freshener, Room Freshener, Deodorizer for Cars T1 Bus Campervan Motif (Citrus/Yellow/Set of 2)</p><p>$13.90 ($6.95 / Count)</p><a href="https://www.amazon.com/dp/B07L3VQC6W?tag=eloabder-20&linkCode=osi&th=1&psc=1">View Product</a></div><div class="product"><a href="https://www.amazon.com/dp/B07L3V86JS?tag=eloabder-20&linkCode=osi&th=1&psc=1"><img src="https://m.media-amazon.com/images/I/41TblWhKhQL._SL500_.jpg" alt="Product Image"></a><p>BRISA VW Collection Volkswagen Air Freshener, Room Freshener, Deodorizer for Cars T1 Bus Campervan Motif (New Car/Green/Set of 2)</p><p>$13.90 ($6.95 / Count)</p><a href="https://www.amazon.com/dp/B07L3V86JS?tag=eloabder-20&linkCode=osi&th=1&psc=1">View Product</a></div>


Aucun résultat trouvé.










<div class="product"><a href="https://www.amazon.com/dp/B099HL5SV2?tag=eloabder-20&linkCode=osi&th=1&psc=1"><img src="https://m.media-amazon.com/images/I/31kcR8HnylL._SL500_.jpg" alt="Product Image"></a><p>Philips GoPure GP5212 High Performance HEPA Air Purifier for Car, Removes up to 100 Pollutants, Exhaust Fumes, VOCs, Smoke, Bad Odors, Bacteria and Viruses</p><p>$77.59</p><a href="https://www.amazon.com/dp/B099HL5SV2?tag=eloabder-20&linkCode=osi&th=1&psc=1">View Product</a></div><div class="product"><a href="https://www.amazon.com/dp/B07TB419F7?tag=eloabder-20&linkCode=osi&th=1&psc=1"><img src="https://m.media-amazon.com/images/I/41l9XK-u-eL._SL500_.jpg" alt="Product Image"></a><p>Enoch Ionic Car Air Purifier with Dual USB Car Charger. Car Air Freshener Eliminates Odor, Dust. Removes Smoke, Pet and Food Odor. Ionic Ozone Car Deodorizer (Matt Black)</p><p>$24.50</p><a href="https://www.amazon.com/dp/B07TB419F7?tag=eloabder-20&linkCode=osi&th=1&psc=1">View Product</a></div><div class="product"><a href="https://www.amazon.com/dp/B08C9LKKMM?tag=eloabder-20&linkCode=osi&th=1&psc=1"><img src="https://m.media-amazon.com/images/I/41uJDRzxfrL._SL500_.jpg" alt="Product Image"></a><p>4WDKING Car Air Purifier Ionizer, 12V Plug-in Car Air Freshener Gadgets with Dual USB Charger Removes Cigarette Smoke, Pet and Food Odor, Ionic Ozone (Black)</p><p>$22.99</p><a href="https://www.amazon.com/dp/B08C9LKKMM?tag=eloabder-20&linkCode=osi&th=1&psc=1">View Product</a></div><div class="product"><a href="https://www.amazon.com/dp/B07C7D366L?tag=eloabder-20&linkCode=osi&th=1&psc=1"><img src="https://m.media-amazon.com/images/I/51GvjMcOskL._SL500_.jpg" alt="Product Image"></a><p>Car Air Purifier Ionizer - 12V Plug-in Ionic Anti-Microbial Car Deodorizer with Dual USB Charger - Smoke Smell, Pet and Food Odors, Allergens, Viruses Eliminator for Car (Matte Silver)</p><p>$24.99</p><a href="https://www.amazon.com/dp/B07C7D366L?tag=eloabder-20&linkCode=osi&th=1&psc=1">View Product</a></div><div class="product"><a href="https://www.amazon.com/dp/B086H3FW7T?tag=eloabder-20&linkCode=osi&th=1&psc=1"><img src="https://m.media-amazon.com/images/I/51FfQTz4koL._SL500_.jpg" alt="Product Image"></a><p>bmbu 1000g Large Bamboo Charcoal Air Purifier Bag - Car Deodorizer/Car Freshener - Remove Odor and Control Moisture in Your RV, Camper, SUV, Car, Truck, Closet, Mobile Home, Storage - Non Fragrant</p><p>$22.99 ($0.65 / Ounce)</p><a href="https://www.amazon.com/dp/B086H3FW7T?tag=eloabder-20&linkCode=osi&th=1&psc=1">View Product</a></div><div class="product"><a href="https://www.amazon.com/dp/B019NXUJ5K?tag=eloabder-20&linkCode=osi&th=1&psc=1"><img src="https://m.media-amazon.com/images/I/31grLw6pdUL._SL500_.jpg" alt="Product Image"></a><p>PURGGO Car Air Freshener - Lasts 365+ Days No Chemicals 100% Activated Bamboo Charcoal Fragrance-Free Deodorizer, Natural Auto Odor Eliminator, Purifier, Neutralizer, Absorb Smoke Smell</p><p>$25.99</p><a href="https://www.amazon.com/dp/B019NXUJ5K?tag=eloabder-20&linkCode=osi&th=1&psc=1">View Product</a></div><div class="product"><a href="https://www.amazon.com/dp/B0CT5TBKH5?tag=eloabder-20&linkCode=osi&th=1&psc=1"><img src="https://m.media-amazon.com/images/I/41UB7n6FuwL._SL500_.jpg" alt="Product Image"></a><p>Timgle 1 Pack Car Air Freshener, Lasts 365+ Days, No Chemicals 100% Activated Bamboo Charcoal Fragrance, Free Deodorizer, Natural Auto Odor Eliminator, Purifier, Neutralizer (Khaki Strap)</p><p>$10.99</p><a href="https://www.amazon.com/dp/B0CT5TBKH5?tag=eloabder-20&linkCode=osi&th=1&psc=1">View Product</a></div><div class="product"><a href="https://www.amazon.com/dp/B00V4049K2?tag=eloabder-20&linkCode=osi&th=1&psc=1"><img src="https://m.media-amazon.com/images/I/51rLLMGOc6L._SL500_.jpg" alt="Product Image"></a><p>PURGGO Car Air Freshener - Auto Odor Eliminator - 100% Activated Bamboo Charcoal Air Purifier, Ionizer - Absorb and Remove Smoke Smell - Fragrance-Free Deodorizer - Lasts 365+ Days [Classic Beige]</p><p>$25.99</p><a href="https://www.amazon.com/dp/B00V4049K2?tag=eloabder-20&linkCode=osi&th=1&psc=1">View Product</a></div>








<div class="product"><a href="https://www.amazon.com/dp/B00RYGK12K?tag=eloabder-20&linkCode=osi&th=1&psc=1"><img src="https://m.media-amazon.com/images/I/51RdEyCkvuL._SL500_.jpg" alt="Product Image"></a><p>Little Trees Cardboard Hanging Car, Home & Office Air Freshener, Summer Linen (Pack of 12)</p><p>$11.82 ($0.98 / Count)</p><a href="https://www.amazon.com/dp/B00RYGK12K?tag=eloabder-20&linkCode=osi&th=1&psc=1">View Product</a></div><div class="product"><a href="https://www.amazon.com/dp/B00LM54ZD0?tag=eloabder-20&linkCode=osi&th=1&psc=1"><img src="https://m.media-amazon.com/images/I/41YuRNweefL._SL500_.jpg" alt="Product Image"></a><p>LITTLE TREES Air Fresheners Car Air Freshener. Hanging Tree Provides Long Lasting Scent for Auto or Home. Black Ice, 24 Air Fresheners</p><p>$20.19 ($0.84 / Count)</p><a href="https://www.amazon.com/dp/B00LM54ZD0?tag=eloabder-20&linkCode=osi&th=1&psc=1">View Product</a></div><div class="product"><a href="https://www.amazon.com/dp/B09BB4V1Y8?tag=eloabder-20&linkCode=osi&th=1&psc=1"><img src="https://m.media-amazon.com/images/I/51AKMdDLO-L._SL500_.jpg" alt="Product Image"></a><p>DRIVEJOY Car Air Freshener Vent Clips, 8 PK, 6 Ocean, 2 New Car Scent, Car Fresheners for Men Women, Up to 240 Days, Long Lasting Air Freshener for Car, Odor Eliminator</p><p>$9.98 ($9.60 / Fl Oz)</p><a href="https://www.amazon.com/dp/B09BB4V1Y8?tag=eloabder-20&linkCode=osi&th=1&psc=1">View Product</a></div><div class="product"><a href="https://www.amazon.com/dp/B078JWRLYT?tag=eloabder-20&linkCode=osi&th=1&psc=1"><img src="https://m.media-amazon.com/images/I/41shbIl-LEL._SL500_.jpg" alt="Product Image"></a><p>California Scents Air Freshener 4-Pack Car Air Freshener (Coronado Cherry)</p><p>$12.88 ($2.15 / Ounce)</p><a href="https://www.amazon.com/dp/B078JWRLYT?tag=eloabder-20&linkCode=osi&th=1&psc=1">View Product</a></div><div class="product"><a href="https://www.amazon.com/dp/B0CW4CJWW9?tag=eloabder-20&linkCode=osi&th=1&psc=1"><img src="https://m.media-amazon.com/images/I/417lKQ0MXPL._SL500_.jpg" alt="Product Image"></a><p>Karma, Essential Oil Air Freshener for Cars Set of 2, Home & Office - Colorful Decorative Hanging Air Freshener with Tassel, Buttercup Vanilla Scented</p><p>$8.40 ($4.20 / Count)</p><a href="https://www.amazon.com/dp/B0CW4CJWW9?tag=eloabder-20&linkCode=osi&th=1&psc=1">View Product</a></div><div class="product"><a href="https://www.amazon.com/dp/B00AYCXL2I?tag=eloabder-20&linkCode=osi&th=1&psc=1"><img src="https://m.media-amazon.com/images/I/5165h10nKbL._SL500_.jpg" alt="Product Image"></a><p>Febreze Car Air Fresheners, New Car Scent, Odor Eliminator for Strong Odors Car Vent Clips (2 Count)</p><p>$9.98 ($4.99 / Count)</p><a href="https://www.amazon.com/dp/B00AYCXL2I?tag=eloabder-20&linkCode=osi&th=1&psc=1">View Product</a></div><div class="product"><a href="https://www.amazon.com/dp/B01LZ0N1MJ?tag=eloabder-20&linkCode=osi&th=1&psc=1"><img src="https://m.media-amazon.com/images/I/41J5LJGof9L._SL500_.jpg" alt="Product Image"></a><p>LITTLE TREES Car Air Freshener | Hanging Paper Tree for Home or Car | New Car Scent | 12 Pack</p><p>$11.70 ($0.98 / Count)</p><a href="https://www.amazon.com/dp/B01LZ0N1MJ?tag=eloabder-20&linkCode=osi&th=1&psc=1">View Product</a></div><div class="product"><a href="https://www.amazon.com/dp/B0C2Q2VGPZ?tag=eloabder-20&linkCode=osi&th=1&psc=1"><img src="https://m.media-amazon.com/images/I/413gckSL1EL._SL500_.jpg" alt="Product Image"></a><p>Savage Disposable Card Freshener for Men | Car Scents Air Freshener with Sauvage Fragrance | Strong Car Perfume Air Freshener with Odour Eliminating Technology | Suvage by Perfa</p><p>$6.99</p><a href="https://www.amazon.com/dp/B0C2Q2VGPZ?tag=eloabder-20&linkCode=osi&th=1&psc=1">View Product</a></div>




<div class="product"><a href="https://www.amazon.com/dp/B06WVL7YSG?tag=eloabder-20&linkCode=osi&th=1&psc=1"><img src="https://m.media-amazon.com/images/I/51fO0NuM6nL._SL500_.jpg" alt="Product Image"></a><p>Meguiar's Quik Scratch Eraser Kit, Car Scratch Remover for Repairing Surface Blemishes, Car Care Kit with ScratchX, Drill-Mounted Pad, and Microfiber Towel, 3 Count</p><p>$17.97</p><a href="https://www.amazon.com/dp/B06WVL7YSG?tag=eloabder-20&linkCode=osi&th=1&psc=1">View Product</a></div><div class="product"><a href="https://www.amazon.com/dp/B00P67GSRG?tag=eloabder-20&linkCode=osi&th=1&psc=1"><img src="https://m.media-amazon.com/images/I/41R-vt8tcnL._SL500_.jpg" alt="Product Image"></a><p>Chemical Guys GAP_VKIT_16 V Line Polish and Compound Kit For Light to Heavy Swirls & Scratches (Safe for Cars, Trucks, SUVs, RVs, Motorcycles, & More) 4 - 16 fl oz Items</p><p>$69.99</p><a href="https://www.amazon.com/dp/B00P67GSRG?tag=eloabder-20&linkCode=osi&th=1&psc=1">View Product</a></div>
<div class="product"><a href="https://www.amazon.com/dp/B0BQ1CPLSQ?tag=eloabder-20&linkCode=osi&th=1&psc=1"><img src="https://m.media-amazon.com/images/I/41ikSNNgp5L._SL500_.jpg" alt="Product Image"></a><p>PROPER DETAILING CO. Car Detailing Kit Interior Cleaner, Get Professional Results - Car Interior Cleaning Kit includes 16 oz. interior cleaner, premium boars hair detail brush, and 2 microfiber towels</p><p>$23.99</p><a href="https://www.amazon.com/dp/B0BQ1CPLSQ?tag=eloabder-20&linkCode=osi&th=1&psc=1">View Product</a></div>






<div class="product"><a href="https://www.amazon.com/dp/B004VG6SWS?tag=eloabder-20&linkCode=osi&th=1&psc=1"><img src="https://m.media-amazon.com/images/I/31M54KTIo2L._SL500_.jpg" alt="Product Image"></a><p>3M Scotchgard Clear Paint Protection Bulk Film Roll 12-by-72-inches</p><p>$38.00</p><a href="https://www.amazon.com/dp/B004VG6SWS?tag=eloabder-20&linkCode=osi&th=1&psc=1">View Product</a></div><div class="product"><a href="https://www.amazon.com/dp/B073X7WF5J?tag=eloabder-20&linkCode=osi&th=1&psc=1"><img src="https://m.media-amazon.com/images/I/41PIPchJvFL._SL500_.jpg" alt="Product Image"></a><p>VViViD 3M Clear Paint Protection Vinyl Film 6 Inch x 25 Inch</p><p>$9.99</p><a href="https://www.amazon.com/dp/B073X7WF5J?tag=eloabder-20&linkCode=osi&th=1&psc=1">View Product</a></div>

<div class="product"><a href="https://www.amazon.com/dp/B09VLKQY83?tag=eloabder-20&linkCode=osi&th=1&psc=1"><img src="https://m.media-amazon.com/images/I/41HrqrTIGUL._SL500_.jpg" alt="Product Image"></a><p>Charcoal 2PLY Nano Ceramic 20% VLT Car Tint 36 in x 25 FT Professional Window Tint Heat, UV 99%, and IRR 85% to 90% Tint for Cars or Building Adhesive Film Easy Shrink, Plotter Friendly</p><p>$56.95 ($0.76 / Sq Ft)</p><a href="https://www.amazon.com/dp/B09VLKQY83?tag=eloabder-20&linkCode=osi&th=1&psc=1">View Product</a></div><div class="product"><a href="https://www.amazon.com/dp/B000CAM2ZO?tag=eloabder-20&linkCode=osi&th=1&psc=1"><img src="https://m.media-amazon.com/images/I/31zB99KwKWL._SL500_.jpg" alt="Product Image"></a><p>Black Magic 5060107 Professional Anti-Heat Layer Tint Film, 5% VLT, 24-Inches x 78-Inches</p><p>$20.26 ($1.56 / Sq Ft)</p><a href="https://www.amazon.com/dp/B000CAM2ZO?tag=eloabder-20&linkCode=osi&th=1&psc=1">View Product</a></div>

<div class="product"><a href="https://www.amazon.com/dp/B081T7N948?tag=eloabder-20&linkCode=osi&th=1&psc=1"><img src="https://m.media-amazon.com/images/I/41q0eWfEB3L._SL500_.jpg" alt="Product Image"></a><p>PULIDIKI Car Cleaning Gel Universal Detailing Kit Automotive Dust Car Crevice Cleaner Slime Auto Air Vent Interior Detail Removal for Car Putty Cleaning Keyboard Cleaner Car Accessories Blue</p><p>$5.94</p><a href="https://www.amazon.com/dp/B081T7N948?tag=eloabder-20&linkCode=osi&th=1&psc=1">View Product</a></div><div class="product"><a href="https://www.amazon.com/dp/B0CRKX3D9J?tag=eloabder-20&linkCode=osi&th=1&psc=1"><img src="https://m.media-amazon.com/images/I/51aymO4P7aL._SL500_.jpg" alt="Product Image"></a><p>PULIDIKI Car Cleaning Gel for Car Cleaning Putty Car Putty Auto Detailing Tools Car Slime Cleaner Dust Cleaning Gel for Car Interior Cleaner Car Accessories Keyboard Cleaner Blue (2Pack)</p><p>$9.99</p><a href="https://www.amazon.com/dp/B0CRKX3D9J?tag=eloabder-20&linkCode=osi&th=1&psc=1">View Product</a></div><div class="product"><a href="https://www.amazon.com/dp/B0988X73FW?tag=eloabder-20&linkCode=osi&th=1&psc=1"><img src="https://m.media-amazon.com/images/I/51qQkFSZAIL._SL500_.jpg" alt="Product Image"></a><p>TICARVE Car Cleaning Gel Detailing Putty Car Putty Auto Detailing Tools Car Interior Cleaner Cleaning Slime Car Accessories Keyboard Cleaner Rose/NT WT: 5.6 oz (160 gr)</p><p>$6.98</p><a href="https://www.amazon.com/dp/B0988X73FW?tag=eloabder-20&linkCode=osi&th=1&psc=1">View Product</a></div><div class="product"><a href="https://www.amazon.com/dp/B08RDNV8KQ?tag=eloabder-20&linkCode=osi&th=1&psc=1"><img src="https://m.media-amazon.com/images/I/51DwR48ghvL._SL500_.jpg" alt="Product Image"></a><p>TICARVE Cleaning Gel for Car Detailing Car Vent Cleaner Cleaning Putty Gel Auto Car Interior Cleaner Dust Cleaning Mud for Cars and Keyboard Cleaner Cleaning Slime Purple</p><p>$6.99</p><a href="https://www.amazon.com/dp/B08RDNV8KQ?tag=eloabder-20&linkCode=osi&th=1&psc=1">View Product</a></div><div class="product"><a href="https://www.amazon.com/dp/B07SBNH48K?tag=eloabder-20&linkCode=osi&th=1&psc=1"><img src="https://m.media-amazon.com/images/I/51MyrDaYquL._SL500_.jpg" alt="Product Image"></a><p>COLORCORAL Cleaning Gel for Car Universal Gel Cleaner Auto Detailing Car Vent Keyboard Cleaning Putty Car Interior Cleaner Dashboard Dust Remover Putty Auto Duster Cleaning Kit 160G</p><p>$6.99</p><a href="https://www.amazon.com/dp/B07SBNH48K?tag=eloabder-20&linkCode=osi&th=1&psc=1">View Product</a></div><div class="product"><a href="https://www.amazon.com/dp/B0D1CB8RP2?tag=eloabder-20&linkCode=osi&th=1&psc=1"><img src="https://m.media-amazon.com/images/I/51MPeMNItzL._SL500_.jpg" alt="Product Image"></a><p>ALIOBC Car Cleaning Gel, Keyboard Cleaner Cleaning Putty for Car Interior Car Slime Cleaner Dust Cleaning Gel Car Putty for Cleaning Car Gel Cleaner Blue NT.WT.: 5.6 oz (160 g)</p><p>$6.99</p><a href="https://www.amazon.com/dp/B0D1CB8RP2?tag=eloabder-20&linkCode=osi&th=1&psc=1">View Product</a></div><div class="product"><a href="https://www.amazon.com/dp/B09995RLLH?tag=eloabder-20&linkCode=osi&th=1&psc=1"><img src="https://m.media-amazon.com/images/I/51hASKz7MnL._SL500_.jpg" alt="Product Image"></a><p>TICARVE 2Pack Cleaning Gel for Car Cleaning Putty Car Slime for Cleaning Car Detailing Putty Detail Tools Car Interior Cleaner Automotive Car Cleaning Kits Keyboard Cleaner Blue Purple (320g/11.2oz)</p><p>$7.99</p><a href="https://www.amazon.com/dp/B09995RLLH?tag=eloabder-20&linkCode=osi&th=1&psc=1">View Product</a></div><div class="product"><a href="https://www.amazon.com/dp/B0D6X5K8CY?tag=eloabder-20&linkCode=osi&th=1&psc=1"><img src="https://m.media-amazon.com/images/I/51C3FExB5RL._SL500_.jpg" alt="Product Image"></a><p>Dust Away Universal Car Cleaning Gel Automotive Detail Putty Crevice Cleaning Slime for Air Vents Interiors Keyboards Laptops & Electronics Versatile Home & Office Accessories Fresh Scent (Lime Green)</p><p>$5.88</p><a href="https://www.amazon.com/dp/B0D6X5K8CY?tag=eloabder-20&linkCode=osi&th=1&psc=1">View Product</a></div>


<div class="product"><a href="https://www.amazon.com/dp/B0BB9M5TSP?tag=eloabder-20&linkCode=osi&th=1&psc=1"><img src="https://m.media-amazon.com/images/I/51NEhgC0fNL._SL500_.jpg" alt="Product Image"></a><p>Ouzorp Car Wheel Scratch repair Rim Touch Up Paint Rim Scratch Repair Pen Quick And Easy Wheel（silver）</p><p>$10.99 ($15.48 / Fl Oz)</p><a href="https://www.amazon.com/dp/B0BB9M5TSP?tag=eloabder-20&linkCode=osi&th=1&psc=1">View Product</a></div>







<div class="product"><a href="https://www.amazon.com/dp/B0D464228M?tag=eloabder-20&linkCode=osi&th=1&psc=1"><img src="https://m.media-amazon.com/images/I/315VtBe9l-L._SL500_.jpg" alt="Product Image"></a><p>Drift Car Air Freshener - Wood Air Freshener - Car Odor Eliminator - Open Air Scent Starter Kit</p><p>$11.95</p><a href="https://www.amazon.com/dp/B0D464228M?tag=eloabder-20&linkCode=osi&th=1&psc=1">View Product</a></div>
<div class="product"><a href="https://www.amazon.com/dp/B071HR14SJ?tag=eloabder-20&linkCode=osi&th=1&psc=1"><img src="https://m.media-amazon.com/images/I/41crypCefDL._SL500_.jpg" alt="Product Image"></a><p>Meguiar's Gold Class Car Wash Soap, Ultra-Rich Car Wash Soap and Conditioner for Car Cleaning, Car Wash Soap to Clean and Condition in One Easy Step, 1 Gallon Car Wash Soap</p><p>$24.99 ($0.20 / Ounce)</p><a href="https://www.amazon.com/dp/B071HR14SJ?tag=eloabder-20&linkCode=osi&th=1&psc=1">View Product</a></div><div class="product"><a href="https://www.amazon.com/dp/B085R9L9Q9?tag=eloabder-20&linkCode=osi&th=1&psc=1"><img src="https://m.media-amazon.com/images/I/41tAv1FNbZL._SL500_.jpg" alt="Product Image"></a><p>Armor All Extreme Shield Protectant Spray , Interior Car Cleaner with UV Protection Against Cracking and Fading, 16 Fl Oz</p><p>$8.98 ($0.56 / Fl Oz)</p><a href="https://www.amazon.com/dp/B085R9L9Q9?tag=eloabder-20&linkCode=osi&th=1&psc=1">View Product</a></div><div class="product"><a href="https://www.amazon.com/dp/B016NA9Y4S?tag=eloabder-20&linkCode=osi&th=1&psc=1"><img src="https://m.media-amazon.com/images/I/31oz8VJFdjL._SL500_.jpg" alt="Product Image"></a><p>Rain-X 5079281-2 Latitude 2-In-1 Wiper Blades, 26 Inch Windshield Wipers (Pack Of 1), Automotive Replacement Windshield Wiper Blades With Patented Rain-X Water Repellency Formula</p><p>$17.08</p><a href="https://www.amazon.com/dp/B016NA9Y4S?tag=eloabder-20&linkCode=osi&th=1&psc=1">View Product</a></div><div class="product"><a href="https://www.amazon.com/dp/B0D2PCCJVK?tag=eloabder-20&linkCode=osi&th=1&psc=1"><img src="https://m.media-amazon.com/images/I/41BFT-c3a9L._SL500_.jpg" alt="Product Image"></a><p>HoogaLife Car Air Freshener Diffuser – Revitalize Your Drive with Hanging Air Freshener Diffuser Aromatic Bliss On The Go(VANILLA CREAM)</p><p>$12.99 ($24.06 / Fl Oz)</p><a href="https://www.amazon.com/dp/B0D2PCCJVK?tag=eloabder-20&linkCode=osi&th=1&psc=1">View Product</a></div><div class="product"><a href="https://www.amazon.com/dp/B0D17SKCLF?tag=eloabder-20&linkCode=osi&th=1&psc=1"><img src="https://m.media-amazon.com/images/I/51VjaK8JNmL._SL500_.jpg" alt="Product Image"></a><p>AIDEA Car Wash Mitt Microfiber, 1PK-Scratch-Free& Lint-Free, Premium Chenille Microfiber Wash Mitt-Green Regular Size (7.12''X10.14'')</p><p>$5.99</p><a href="https://www.amazon.com/dp/B0D17SKCLF?tag=eloabder-20&linkCode=osi&th=1&psc=1">View Product</a></div>








<div class="product"><a href="https://www.amazon.com/dp/B00UZE8D00?tag=eloabder-20&linkCode=osi&th=1&psc=1"><img src="https://m.media-amazon.com/images/I/517VVkgvgcL._SL500_.jpg" alt="Product Image"></a><p>Chemical Guys HOL_996 Convertible Top Cleaner and Protectant Kit, 16 oz, 2 Items</p><p>$29.99</p><a href="https://www.amazon.com/dp/B00UZE8D00?tag=eloabder-20&linkCode=osi&th=1&psc=1">View Product</a></div><div class="product"><a href="https://www.amazon.com/dp/B004HCS4NW?tag=eloabder-20&linkCode=osi&th=1&psc=1"><img src="https://m.media-amazon.com/images/I/41j5b6xRqNL._SL500_.jpg" alt="Product Image"></a><p>Meguiar's Convertible Top Cleaner - Fabric Convertible Top Cleaner and Vinyl Convertible Top Cleaner in One Advanced Formula - Safely Removes Stains, Mildew, Bird Droppings, and More, 16 Oz</p><p>$6.87 ($0.43 / Ounce)</p><a href="https://www.amazon.com/dp/B004HCS4NW?tag=eloabder-20&linkCode=osi&th=1&psc=1">View Product</a></div><div class="product"><a href="https://www.amazon.com/dp/B00UZE80N0?tag=eloabder-20&linkCode=osi&th=1&psc=1"><img src="https://m.media-amazon.com/images/I/31FG83SK9SL._SL500_.jpg" alt="Product Image"></a><p>Chemical Guys SPI_193_16 Convertible Top Protectant and Repellent, (Helps Prevent Fading & Discoloration on Fabric Sot Tops) 16 fl oz (Packaging May Vary)</p><p>$19.99 ($1.25 / Fl Oz)</p><a href="https://www.amazon.com/dp/B00UZE80N0?tag=eloabder-20&linkCode=osi&th=1&psc=1">View Product</a></div><div class="product"><a href="https://www.amazon.com/dp/B00UZE8C1A?tag=eloabder-20&linkCode=osi&th=1&psc=1"><img src="https://m.media-amazon.com/images/I/31aLnXKZxfL._SL500_.jpg" alt="Product Image"></a><p>Chemical Guys ACC_S94 Convertible Top Horse Hair Cleaning Brush, Safe for Cloth Soft Tops, Upholstery, Leather, Furniture, & More</p><p>$14.99</p><a href="https://www.amazon.com/dp/B00UZE8C1A?tag=eloabder-20&linkCode=osi&th=1&psc=1">View Product</a></div><div class="product"><a href="https://www.amazon.com/dp/B000A8JNF0?tag=eloabder-20&linkCode=osi&th=1&psc=1"><img src="https://m.media-amazon.com/images/I/51PLChiVIrL._SL500_.jpg" alt="Product Image"></a><p>303 Products Convertible Fabric Top Cleaning and Care Kit - Cleans And Protects Fabric Tops - Includes Tonneau Cover And Convertible Top Cleaner 16 fl. oz. + Fabric Guard, (30520)</p><p>$32.79 ($1.02 / Fl Oz)</p><a href="https://www.amazon.com/dp/B000A8JNF0?tag=eloabder-20&linkCode=osi&th=1&psc=1">View Product</a></div>
<div class="product"><a href="https://www.amazon.com/dp/B0BCQ1XMWV?tag=eloabder-20&linkCode=osi&th=1&psc=1"><img src="https://m.media-amazon.com/images/I/41lV6Au-S9L._SL500_.jpg" alt="Product Image"></a><p>EMITHSUN® Windshield Wiper Blades Replacement for Honda Civic Coupe 2 Door 2005-2011,That Meet OEM Quality Front Wipers Blade Set for My Car-28"+24"(Set of 2)</p><p>$19.99</p><a href="https://www.amazon.com/dp/B0BCQ1XMWV?tag=eloabder-20&linkCode=osi&th=1&psc=1">View Product</a></div>
<div class="product"><a href="https://www.amazon.com/dp/B00I8ITVZG?tag=eloabder-20&linkCode=osi&th=1&psc=1"><img src="https://m.media-amazon.com/images/I/41TXd564pcL._SL500_.jpg" alt="Product Image"></a><p>ECOGARD XC36067 Premium Cabin Air Filter Fits Hyundai Genesis 2009-2016, Equus 2011-2016 | Genesis G80 2017-2021, G90 2019-2021, GV80 2021 | Kia K900 2020</p><p>$10.98</p><a href="https://www.amazon.com/dp/B00I8ITVZG?tag=eloabder-20&linkCode=osi&th=1&psc=1">View Product</a></div>

<div class="product"><a href="https://www.amazon.com/dp/B097C3NCP1?tag=eloabder-20&linkCode=osi&th=1&psc=1"><img src="https://m.media-amazon.com/images/I/41GXST2+s6L._SL500_.jpg" alt="Product Image"></a><p>Raidbee 12 inch Rear Wiper Blade Replacement for Toyota Corolla Hatchback 2022-2019, Nissan Versa 2019-2014 Back Windshield Wiper (H306/12-B)</p><p>$6.99</p><a href="https://www.amazon.com/dp/B097C3NCP1?tag=eloabder-20&linkCode=osi&th=1&psc=1">View Product</a></div>



<div class="product"><a href="https://www.amazon.com/dp/B0CQ4MLKHJ?tag=eloabder-20&linkCode=osi&th=1&psc=1"><img src="https://m.media-amazon.com/images/I/519f8covwQL._SL500_.jpg" alt="Product Image"></a><p>Feetiger All-in-1 Fire Extinguisher for Home, Kitchen, Car, Garage, RV, Truck, Boat, Camping, Fire Spray that Tackles Multiple Types of Fire, 2pack</p><p>$39.99</p><a href="https://www.amazon.com/dp/B0CQ4MLKHJ?tag=eloabder-20&linkCode=osi&th=1&psc=1">View Product</a></div>
<div class="product"><a href="https://www.amazon.com/dp/B07TS4JV6H?tag=eloabder-20&linkCode=osi&th=1&psc=1"><img src="https://m.media-amazon.com/images/I/412htpDd6fL._SL500_.jpg" alt="Product Image"></a><p>Police Flag Air Freshener, New Car Scent, 6-Pack</p><p>$9.99 ($1.66 / Count)</p><a href="https://www.amazon.com/dp/B07TS4JV6H?tag=eloabder-20&linkCode=osi&th=1&psc=1">View Product</a></div>


<div class="product"><a href="https://www.amazon.com/dp/B009EU5ZNO?tag=eloabder-20&linkCode=osi&th=1&psc=1"><img src="https://m.media-amazon.com/images/I/515MJLZbnoL._SL500_.jpg" alt="Product Image"></a><p>J-B Weld 50133 Plastic Bonder Structural Adhesive Syringe - Tan - 25 ml</p><p>$6.98 ($8.21 / Fl Oz)</p><a href="https://www.amazon.com/dp/B009EU5ZNO?tag=eloabder-20&linkCode=osi&th=1&psc=1">View Product</a></div>



<div class="product"><a href="https://www.amazon.com/dp/B09P6YZP72?tag=eloabder-20&linkCode=osi&th=1&psc=1"><img src="https://m.media-amazon.com/images/I/416rlvu+ayL._SL500_.jpg" alt="Product Image"></a><p>AUTOBOO 26"+20" Windshield Wipers with 16" Rear Wiper Blade Replacement for Dodge Grand Caravan 2008-2012 2013 2014 2015 2016 2017 2018 2019 -Original Factory Quality (Pack of 3)</p><p>$23.99</p><a href="https://www.amazon.com/dp/B09P6YZP72?tag=eloabder-20&linkCode=osi&th=1&psc=1">View Product</a></div><div class="product"><a href="https://www.amazon.com/dp/B0BLYQBDS8?tag=eloabder-20&linkCode=osi&th=1&psc=1"><img src="https://m.media-amazon.com/images/I/51SbpSR2zBL._SL500_.jpg" alt="Product Image"></a><p>A-Premium Engine Air Filter Compatible with Chrysler Town & Country & Dodge Grand Caravan & Ram C/V & Volkswagen Routan, 2011-2020, Flexible Panel, Replace# 4861737AA</p><p>$12.99</p><a href="https://www.amazon.com/dp/B0BLYQBDS8?tag=eloabder-20&linkCode=osi&th=1&psc=1">View Product</a></div>
<div class="product"><a href="https://www.amazon.com/dp/B001FCB4JS?tag=eloabder-20&linkCode=osi&th=1&psc=1"><img src="https://m.media-amazon.com/images/I/21wq6fxqiVL._SL500_.jpg" alt="Product Image"></a><p>Dicor BT-1834-1 Butyl Seal Tape - 1/8" x 3/4" x 30' Repair Tape for RV, Trailer, Motorhome, Window, and Vent Sealing</p><p>$13.15 ($0.44 / Foot)</p><a href="https://www.amazon.com/dp/B001FCB4JS?tag=eloabder-20&linkCode=osi&th=1&psc=1">View Product</a></div>
<div class="product"><a href="https://www.amazon.com/dp/B000BUQOD6?tag=eloabder-20&linkCode=osi&th=1&psc=1"><img src="https://m.media-amazon.com/images/I/41O0CoP1L3L._SL500_.jpg" alt="Product Image"></a><p>Camco Camper/RV Toilet Paper | Sewer-Safe, Septic-Safe & Biodegradable | Designed for Camper, Trailer & Marine Sanitation Systems | 1-Ply Tissue | 4 Toilet Paper Rolls – 280 Sheets per Roll (40275)</p><p>$5.99 ($2.14 / 100 Sheets)</p><a href="https://www.amazon.com/dp/B000BUQOD6?tag=eloabder-20&linkCode=osi&th=1&psc=1">View Product</a></div><div class="product"><a href="https://www.amazon.com/dp/B007JG1W1E?tag=eloabder-20&linkCode=osi&th=1&psc=1"><img src="https://m.media-amazon.com/images/I/41i-j99E9ML._SL500_.jpg" alt="Product Image"></a><p>Camco TST Camper / RV Grey Water Odor Control - Removes Grease Buildup in Gray Water Tank, Sink & Shower Drains - 4oz Treats 40-Gal Holding Tank - Safe Septic Tank Treatment - Lemon, 64 oz (40256)</p><p>$19.94 ($0.31 / Fl Oz)</p><a href="https://www.amazon.com/dp/B007JG1W1E?tag=eloabder-20&linkCode=osi&th=1&psc=1">View Product</a></div><div class="product"><a href="https://www.amazon.com/dp/B016V2OSD0?tag=eloabder-20&linkCode=osi&th=1&psc=1"><img src="https://m.media-amazon.com/images/I/31Jm99RYVXL._SL500_.jpg" alt="Product Image"></a><p>Camco TST MAX RV Toilet Treatment Drop-INs | Control Unwanted Odors and Break Down Waste and Tissue | Septic Tank Safe | Lavender Scent | 15-pack (41559)</p><p>$11.97 ($0.80 / Count)</p><a href="https://www.amazon.com/dp/B016V2OSD0?tag=eloabder-20&linkCode=osi&th=1&psc=1">View Product</a></div>






<div class="product"><a href="https://www.amazon.com/dp/B006GJYOL0?tag=eloabder-20&linkCode=osi&th=1&psc=1"><img src="https://m.media-amazon.com/images/I/41YPjiCzDfL._SL500_.jpg" alt="Product Image"></a><p>Boat Bling HS-0128 Hot Sauce Hard Water Spot Remover, Gallon Refill, for Boats, RVs, Powersport Vehicles and More, Black,1 Gallon</p><p>$54.95 ($0.43 / Fl Oz)</p><a href="https://www.amazon.com/dp/B006GJYOL0?tag=eloabder-20&linkCode=osi&th=1&psc=1">View Product</a></div><div class="product"><a href="https://www.amazon.com/dp/B0000AXVCB?tag=eloabder-20&linkCode=osi&th=1&psc=1"><img src="https://m.media-amazon.com/images/I/51gtsDb7zDL._SL500_.jpg" alt="Product Image"></a><p>Meguiar's M4364 Marine/RV Boat Wash - 64 Oz Container</p><p>$13.99 ($0.22 / Fl Oz)</p><a href="https://www.amazon.com/dp/B0000AXVCB?tag=eloabder-20&linkCode=osi&th=1&psc=1">View Product</a></div><div class="product"><a href="https://www.amazon.com/dp/B0007TR47G?tag=eloabder-20&linkCode=osi&th=1&psc=1"><img src="https://m.media-amazon.com/images/I/41Q4SzlVojL._SL500_.jpg" alt="Product Image"></a><p>Meguiar's Flagship Premium Marine Wax, Boat Polish and Oxidation Remover - 32 Oz Bottle</p><p>$21.49</p><a href="https://www.amazon.com/dp/B0007TR47G?tag=eloabder-20&linkCode=osi&th=1&psc=1">View Product</a></div><div class="product"><a href="https://www.amazon.com/dp/B006GJYLFY?tag=eloabder-20&linkCode=osi&th=1&psc=1"><img src="https://m.media-amazon.com/images/I/31G78TSjssL._SL500_.jpg" alt="Product Image"></a><p>Boat Bling Condition Sauce Premium Interior Moisturizer w/UV Protection, 32 oz.</p><p>$27.95</p><a href="https://www.amazon.com/dp/B006GJYLFY?tag=eloabder-20&linkCode=osi&th=1&psc=1">View Product</a></div><div class="product"><a href="https://www.amazon.com/dp/B006GJYKWI?tag=eloabder-20&linkCode=osi&th=1&psc=1"><img src="https://m.media-amazon.com/images/I/41AcDanNz-L._SL500_.jpg" alt="Product Image"></a><p>Boat Bling VS-0032 Vinyl Sauce Premium Vinyl and Leather Cleaner, 32 Oz., for Boats, RVs, Powersport Vehicles and More</p><p>$22.95 ($0.72 / Fl Oz)</p><a href="https://www.amazon.com/dp/B006GJYKWI?tag=eloabder-20&linkCode=osi&th=1&psc=1">View Product</a></div>
<div class="product"><a href="https://www.amazon.com/dp/B004OJTEKK?tag=eloabder-20&linkCode=osi&th=1&psc=1"><img src="https://m.media-amazon.com/images/I/41q8kkNiKOL._SL500_.jpg" alt="Product Image"></a><p>Shurhold Yacht Brite YBP-0302 Brite Wash - 1 Gallon</p><p>$23.97 ($0.19 / Fl Oz)</p><a href="https://www.amazon.com/dp/B004OJTEKK?tag=eloabder-20&linkCode=osi&th=1&psc=1">View Product</a></div>




<div class="product"><a href="https://www.amazon.com/dp/B0B2RDZNZB?tag=eloabder-20&linkCode=osi&th=1&psc=1"><img src="https://m.media-amazon.com/images/I/51RVSUoRuGL._SL500_.jpg" alt="Product Image"></a><p>Fancemot Helicopter Car Air Fresheners Rotating Solar Car Fresheners Airplane Car Perfume (Osmanthus & Vanilla)</p><p>$14.08</p><a href="https://www.amazon.com/dp/B0B2RDZNZB?tag=eloabder-20&linkCode=osi&th=1&psc=1">View Product</a></div><div class="product"><a href="https://www.amazon.com/dp/B0994PG1ZD?tag=eloabder-20&linkCode=osi&th=1&psc=1"><img src="https://m.media-amazon.com/images/I/413er0A8cVS._SL500_.jpg" alt="Product Image"></a><p>NICEADA Car Air Freshener, Helicopter Solar Energy Rotating Aromatherapy Aviation Al Alloy Diffuser, Interior Decoration Accessories Diffuser for Car and Home (Silver)</p><p>$23.99</p><a href="https://www.amazon.com/dp/B0994PG1ZD?tag=eloabder-20&linkCode=osi&th=1&psc=1">View Product</a></div><div class="product"><a href="https://www.amazon.com/dp/B09ZTMZKSJ?tag=eloabder-20&linkCode=osi&th=1&psc=1"><img src="https://m.media-amazon.com/images/I/41rz5PydC9L._SL500_.jpg" alt="Product Image"></a><p>Air Freshener, Gigicloud Car Fragrance Diffuser Solar Rotating Automotive Air Fresheners Ornament Helicopter Shape Solid Aromatherapy Decoration for Car and Home (Black)</p><p>$15.49</p><a href="https://www.amazon.com/dp/B09ZTMZKSJ?tag=eloabder-20&linkCode=osi&th=1&psc=1">View Product</a></div><div class="product"><a href="https://www.amazon.com/dp/B0CWNNPCD3?tag=eloabder-20&linkCode=osi&th=1&psc=1"><img src="https://m.media-amazon.com/images/I/51nznnJJhfL._SL500_.jpg" alt="Product Image"></a><p>Car Air Freshener Diffuser, KaiDengZhe 1PCS Helicopter Solar Energy Rotating Aromatherapy Aviation Al Alloy Diffuser, Car Diffuser for Essential Oils, Relieve Stress and Purifie Odors for Car and Home</p><p>$15.99</p><a href="https://www.amazon.com/dp/B0CWNNPCD3?tag=eloabder-20&linkCode=osi&th=1&psc=1">View Product</a></div><div class="product"><a href="https://www.amazon.com/dp/B0B8T47G65?tag=eloabder-20&linkCode=osi&th=1&psc=1"><img src="https://m.media-amazon.com/images/I/41d6cgVheqL._SL500_.jpg" alt="Product Image"></a><p>Joyfunky Car Air Fresheners with Solar Rotating, Creative Car Perfume Decoration, Relieve Stress and Purifie Odors, Use at Car, office and Home, Silver</p><p>$12.99</p><a href="https://www.amazon.com/dp/B0B8T47G65?tag=eloabder-20&linkCode=osi&th=1&psc=1">View Product</a></div><div class="product"><a href="https://www.amazon.com/dp/B0D4ZHJVK8?tag=eloabder-20&linkCode=osi&th=1&psc=1"><img src="https://m.media-amazon.com/images/I/41sEhsjtb4L._SL500_.jpg" alt="Product Image"></a><p>NICEADA Helicopter Solar Car Air Freshener Refill Set, Solar Essential Oil Refill Perfume Oil for Car Air Fresheners(4 Packs)</p><p>$21.99 ($24.99 / Fl Oz)</p><a href="https://www.amazon.com/dp/B0D4ZHJVK8?tag=eloabder-20&linkCode=osi&th=1&psc=1">View Product</a></div><div class="product"><a href="https://www.amazon.com/dp/B0D251XW47?tag=eloabder-20&linkCode=osi&th=1&psc=1"><img src="https://m.media-amazon.com/images/I/41x6lmNq9fL._SL500_.jpg" alt="Product Image"></a><p>Helicopter Car Air Fresheners with Solar Rotating, Creative Car Perfume Decoration, Car Airplane Fragrance Diffuser for Car, Home, Office (Silver)</p><p>$13.09</p><a href="https://www.amazon.com/dp/B0D251XW47?tag=eloabder-20&linkCode=osi&th=1&psc=1">View Product</a></div>

<div class="product"><a href="https://www.amazon.com/dp/B0D4154TQG?tag=eloabder-20&linkCode=osi&th=1&psc=1"><img src="https://m.media-amazon.com/images/I/217Iw-nO3UL._SL500_.jpg" alt="Product Image"></a><p>RV Curtain Glide Tape A115, 1/2 Inch Glides Clear RV Curtain Strip Curtain Slide Tape 72 Inches Long Use with Ceiling or Wall Mount Curtain Track A201 A202 (2 Pack)</p><p>$17.99</p><a href="https://www.amazon.com/dp/B0D4154TQG?tag=eloabder-20&linkCode=osi&th=1&psc=1">View Product</a></div>

    </div>

    <!-- Bouton flottant -->
    <button class="floating-button" onclick="window.location.href='https://www.iasmarket.us'">HOME</button>
<div class="pagination">
               <a href="https://iasmarket.github.io/Automotive/ ">0</a>
    <a href="https://iasmarket.github.io/Automotive/ 1">1</a>
    <a href="https://iasmarket.github.io/Automotive/ 2">2</a>
    <a href="https://iasmarket.github.io/Automotive/3 ">3</a>
        <!-- Ajoutez plus de liens si nécessaire -->
    </div>
    <script>
        function updateTime() {
            const optionsDate = {
                timeZone: 'America/Los_Angeles',
                year: 'numeric',
                month: 'long',
                day: 'numeric',
                weekday: 'long'
            };
            const optionsTime = {
                timeZone: 'America/Los_Angeles',
                hour: '2-digit',
                minute: '2-digit',
                second: '2-digit'
            };

            const now = new Date();
            const formatterDate = new Intl.DateTimeFormat('en-US', optionsDate);
            const formatterTime = new Intl.DateTimeFormat('en-US', optionsTime);

            const formattedDate = formatterDate.format(now);
            const formattedTime = formatterTime.format(now);

            document.getElementById('comment').textContent = "As an AMAZON Associate, I earn from qualifying purchases.";
            document.getElementById('date').textContent = formattedDate;
            document.getElementById('time').textContent = formattedTime;
        }

        updateTime();
        setInterval(updateTime, 1000);
    </script>
</body>

</html>
