    <!DOCTYPE html>
    <html lang="en">
    
    <head>
        <meta charset="UTF-8">
        <meta http-equiv="X-UA-Compatible" content="IE=edge">
        <meta name="viewport" content="width=device-width, initial-scale=1.0">
        <title>IaSmarKet Products</title>
        <style>
            body {
                background-color: black;
                color: white;
                font-family: Arial, sans-serif;
            }
    
            .datetime {
                text-align: center;
                color: gray;
                margin-top: 20px;
            }
    
            .date,
            .time {
                font-size: 48px;
            }
    
            .container {
                display: flex;
                flex-wrap: wrap;
                justify-content: center;
                align-items: flex-start;
                min-height: calc(100vh - 7cm);
                padding: 20px;
            }
    
            .product {
                width: calc(100% / 4 - 40px);
                margin: 10px;
                text-align: center;
                border: 1px solid red;
                border-radius: 10px;
                overflow: hidden;
                padding: 10px;
                display: flex;
                flex-direction: column;
                background-color: black;
                color: white;
                transition: transform 0.3s;
            }
    
            .product:hover {
                transform: scale(1.05);
            }
    
            .product .content {
                height: 200px;
                overflow: hidden;
            }
    
            .product img {
                width: 100%;
                height: 200px;
                object-fit: cover;
            }
    
            .product .description {
                margin-top: 10px;
                flex-grow: 1;
            }
    
            .product .more-link {
                margin-top: 5px;
                cursor: pointer;
                color: blue;
                text-decoration: underline;
            }
    
            .pagination {
                text-align: center;
                margin: 20px 0;
                width: 100%;
            }
    
            .pagination a {
                color: white;
                padding: 8px 16px;
                text-decoration: none;
                background-color: gray;
                margin: 0 4px;
                border-radius: 4px;
            }
    
            .pagination a:hover {
                background-color: #575757;
            }
    
            @media (min-width: 768px) and (max-width: 991px) {
                .product {
                    width: calc(100% / 3 - 40px);
                }
            }
    
            @media (max-width: 767px) {
                .product {
                    width: calc(100% - 40px);
                }
            }
    
            /* Style pour le bouton flottant */
            .floating-button {
                position: fixed;
                bottom: 20px;
                right: 20px;
                background-color: red;
                color: white;
                border: none;
                border-radius: 50%;
                width: 60px;
                height: 60px;
                text-align: center;
                font-size: 18px;
                cursor: pointer;
                z-index: 1000;
                box-shadow: 0 4px 8px rgba(0, 0, 0, 0.2);
            }
    
            /* Style pour la barre de recherche */
            .search-bar {
                width: 100%;
                text-align: center;
                margin: 20px 0;
            }
    
            .search-bar input {
                width: 50%;
                padding: 10px;
                border-radius: 5px;
                border: none;
                font-size: 16px;
            }
    
            @media (max-width: 767px) {
                .search-bar input {
                    width: 80%;
                }
            }
        </style>
    </head>
    
    <body>
        <div class="datetime">
            <div class="date" id="comment"></div>
            <div class="date" id="date"></div>
            <div class="time" id="time"></div>
        </div>
        <!-- Pagination -->
        <div class="pagination">Pages :

         
            </div>
                <!-- Barre de recherche -->
                <div class="search-bar">serche:
                <input type="text" id="searchInput" placeholder=" search and filter by product / name Ex:'Blender' / discount percentage Ex:'30%' ..." onkeyup="filterProducts()">
                </div>

                <div class="container" id="productContainer">
                    <!-- Exemple de produits -->
          
            

<div class="product"><a href="https://www.amazon.com/dp/B004HCS4NW?tag=eloabder-20&linkCode=osi&th=1&psc=1"><img src="https://m.media-amazon.com/images/I/41j5b6xRqNL._SL500_.jpg" alt="Product Image"></a><p>Meguiar's G2016 Convertible Top Cleaner, 16 Fluid Ounces, Units per Each</p><p> -31% 0FF </p><p>$8.28 ($0.52 / Fl Oz)</p><a href="https://www.amazon.com/dp/B004HCS4NW?tag=eloabder-20&linkCode=osi&th=1&psc=1">View Product</a></div><div class="product"><a href="https://www.amazon.com/dp/B0BS42VY2N?tag=eloabder-20&linkCode=osi&th=1&psc=1"><img src="https://m.media-amazon.com/images/I/4179SVWrunL._SL500_.jpg" alt="Product Image"></a><p>A-Premium Black Convertible Soft Top Compatible with Ford Mustang 2005-2014, Convertible, with Glass Window</p><p> -12% 0FF </p><p>$309.99</p><a href="https://www.amazon.com/dp/B0BS42VY2N?tag=eloabder-20&linkCode=osi&th=1&psc=1">View Product</a></div>

<div class="product"><a href="https://www.amazon.com/dp/B004HCS4NW?tag=eloabder-20&linkCode=osi&th=1&psc=1"><img src="https://m.media-amazon.com/images/I/41j5b6xRqNL._SL500_.jpg" alt="Product Image"></a><p>Meguiar's G2016 Convertible Top Cleaner, 16 Fluid Ounces, Units per Each</p><p> -31% 0FF </p><p>$8.28 ($0.52 / Fl Oz)</p><a href="https://www.amazon.com/dp/B004HCS4NW?tag=eloabder-20&linkCode=osi&th=1&psc=1">View Product</a></div><div class="product"><a href="https://www.amazon.com/dp/B0BS42VY2N?tag=eloabder-20&linkCode=osi&th=1&psc=1"><img src="https://m.media-amazon.com/images/I/4179SVWrunL._SL500_.jpg" alt="Product Image"></a><p>A-Premium Black Convertible Soft Top Compatible with Ford Mustang 2005-2014, Convertible, with Glass Window</p><p> -12% 0FF </p><p>$309.99</p><a href="https://www.amazon.com/dp/B0BS42VY2N?tag=eloabder-20&linkCode=osi&th=1&psc=1">View Product</a></div>
<div class="product"><a href="https://www.amazon.com/dp/B00029CYRG?tag=eloabder-20&linkCode=osi&th=1&psc=1"><img src="https://m.media-amazon.com/images/I/41Hnigm4E8L._SL500_.jpg" alt="Product Image"></a><p>Meguiar's M6732 Marine/RV One Step Compound, Remove Oxidation, Stains, Scratches, and Water Spots, Restore The Color and Shine of Fiberglass Gel Coat Finishes, 32 Oz Bottle</p><p> -10% 0FF </p><p>$19.62 ($0.61 / Fl Oz)</p><a href="https://www.amazon.com/dp/B00029CYRG?tag=eloabder-20&linkCode=osi&th=1&psc=1">View Product</a></div><div class="product"><a href="https://www.amazon.com/dp/B0007TR47G?tag=eloabder-20&linkCode=osi&th=1&psc=1"><img src="https://m.media-amazon.com/images/I/41TJAH5y4lL._SL500_.jpg" alt="Product Image"></a><p>Meguiar's M6332 Flagship Premium Marine Wax, Easy to Use Boat Polish and Wax, Remove Scratches, Swirls, and Oxidation While Leaving Lasting Protection, 32 Oz Bottle</p><p> -30% 0FF </p><p>$24.96</p><a href="https://www.amazon.com/dp/B0007TR47G?tag=eloabder-20&linkCode=osi&th=1&psc=1">View Product</a></div><div class="product"><a href="https://www.amazon.com/dp/B001GXDWGO?tag=eloabder-20&linkCode=osi&th=1&psc=1"><img src="https://m.media-amazon.com/images/I/41Gisw5b70L._SL500_.jpg" alt="Product Image"></a><p>Hardline Products Series 350 Factory Matched 3-Inch Boat & PWC Registration Number Kit, Solid Black - BLK350EC</p><p> -6% 0FF </p><p>$12.10</p><a href="https://www.amazon.com/dp/B001GXDWGO?tag=eloabder-20&linkCode=osi&th=1&psc=1">View Product</a></div><div class="product"><a href="https://www.amazon.com/dp/B0000AY4YT?tag=eloabder-20&linkCode=osi&th=1&psc=1"><img src="https://m.media-amazon.com/images/I/51Dl0tlwnQL._SL500_.jpg" alt="Product Image"></a><p>Meguiar's M4965 Marine/RV Fiberglass Restoration System, 3-Piece Marine Fiberglass Repair Kit Featuring Oxidation Remover for Boat Care Plus Boat Polish and Wax</p><p> -35% 0FF </p><p>$34.63</p><a href="https://www.amazon.com/dp/B0000AY4YT?tag=eloabder-20&linkCode=osi&th=1&psc=1">View Product</a></div>

<div class="product"><a href="https://www.amazon.com/dp/B004HCS4NW?tag=eloabder-20&linkCode=osi&th=1&psc=1"><img src="https://m.media-amazon.com/images/I/41j5b6xRqNL._SL500_.jpg" alt="Product Image"></a><p>Meguiar's G2016 Convertible Top Cleaner, 16 Fluid Ounces, Units per Each</p><p> -31% 0FF </p><p>$8.28 ($0.52 / Fl Oz)</p><a href="https://www.amazon.com/dp/B004HCS4NW?tag=eloabder-20&linkCode=osi&th=1&psc=1">View Product</a></div><div class="product"><a href="https://www.amazon.com/dp/B0BS42VY2N?tag=eloabder-20&linkCode=osi&th=1&psc=1"><img src="https://m.media-amazon.com/images/I/4179SVWrunL._SL500_.jpg" alt="Product Image"></a><p>A-Premium Black Convertible Soft Top Compatible with Ford Mustang 2005-2014, Convertible, with Glass Window</p><p> -12% 0FF </p><p>$309.99</p><a href="https://www.amazon.com/dp/B0BS42VY2N?tag=eloabder-20&linkCode=osi&th=1&psc=1">View Product</a></div>
<div class="product"><a href="https://www.amazon.com/dp/B00029CYRG?tag=eloabder-20&linkCode=osi&th=1&psc=1"><img src="https://m.media-amazon.com/images/I/41Hnigm4E8L._SL500_.jpg" alt="Product Image"></a><p>Meguiar's M6732 Marine/RV One Step Compound, Remove Oxidation, Stains, Scratches, and Water Spots, Restore The Color and Shine of Fiberglass Gel Coat Finishes, 32 Oz Bottle</p><p> -10% 0FF </p><p>$19.62 ($0.61 / Fl Oz)</p><a href="https://www.amazon.com/dp/B00029CYRG?tag=eloabder-20&linkCode=osi&th=1&psc=1">View Product</a></div><div class="product"><a href="https://www.amazon.com/dp/B0007TR47G?tag=eloabder-20&linkCode=osi&th=1&psc=1"><img src="https://m.media-amazon.com/images/I/41TJAH5y4lL._SL500_.jpg" alt="Product Image"></a><p>Meguiar's M6332 Flagship Premium Marine Wax, Easy to Use Boat Polish and Wax, Remove Scratches, Swirls, and Oxidation While Leaving Lasting Protection, 32 Oz Bottle</p><p> -30% 0FF </p><p>$24.96</p><a href="https://www.amazon.com/dp/B0007TR47G?tag=eloabder-20&linkCode=osi&th=1&psc=1">View Product</a></div><div class="product"><a href="https://www.amazon.com/dp/B001GXDWGO?tag=eloabder-20&linkCode=osi&th=1&psc=1"><img src="https://m.media-amazon.com/images/I/41Gisw5b70L._SL500_.jpg" alt="Product Image"></a><p>Hardline Products Series 350 Factory Matched 3-Inch Boat & PWC Registration Number Kit, Solid Black - BLK350EC</p><p> -6% 0FF </p><p>$12.10</p><a href="https://www.amazon.com/dp/B001GXDWGO?tag=eloabder-20&linkCode=osi&th=1&psc=1">View Product</a></div><div class="product"><a href="https://www.amazon.com/dp/B0000AY4YT?tag=eloabder-20&linkCode=osi&th=1&psc=1"><img src="https://m.media-amazon.com/images/I/51Dl0tlwnQL._SL500_.jpg" alt="Product Image"></a><p>Meguiar's M4965 Marine/RV Fiberglass Restoration System, 3-Piece Marine Fiberglass Repair Kit Featuring Oxidation Remover for Boat Care Plus Boat Polish and Wax</p><p> -35% 0FF </p><p>$34.63</p><a href="https://www.amazon.com/dp/B0000AY4YT?tag=eloabder-20&linkCode=osi&th=1&psc=1">View Product</a></div>


<div class="product"><a href="https://www.amazon.com/dp/B004HCS4NW?tag=eloabder-20&linkCode=osi&th=1&psc=1"><img src="https://m.media-amazon.com/images/I/41j5b6xRqNL._SL500_.jpg" alt="Product Image"></a><p>Meguiar's G2016 Convertible Top Cleaner, 16 Fluid Ounces, Units per Each</p><p> -31% 0FF </p><p>$8.28 ($0.52 / Fl Oz)</p><a href="https://www.amazon.com/dp/B004HCS4NW?tag=eloabder-20&linkCode=osi&th=1&psc=1">View Product</a></div><div class="product"><a href="https://www.amazon.com/dp/B0BS42VY2N?tag=eloabder-20&linkCode=osi&th=1&psc=1"><img src="https://m.media-amazon.com/images/I/4179SVWrunL._SL500_.jpg" alt="Product Image"></a><p>A-Premium Black Convertible Soft Top Compatible with Ford Mustang 2005-2014, Convertible, with Glass Window</p><p> -12% 0FF </p><p>$309.99</p><a href="https://www.amazon.com/dp/B0BS42VY2N?tag=eloabder-20&linkCode=osi&th=1&psc=1">View Product</a></div>
<div class="product"><a href="https://www.amazon.com/dp/B00029CYRG?tag=eloabder-20&linkCode=osi&th=1&psc=1"><img src="https://m.media-amazon.com/images/I/41Hnigm4E8L._SL500_.jpg" alt="Product Image"></a><p>Meguiar's M6732 Marine/RV One Step Compound, Remove Oxidation, Stains, Scratches, and Water Spots, Restore The Color and Shine of Fiberglass Gel Coat Finishes, 32 Oz Bottle</p><p> -10% 0FF </p><p>$19.62 ($0.61 / Fl Oz)</p><a href="https://www.amazon.com/dp/B00029CYRG?tag=eloabder-20&linkCode=osi&th=1&psc=1">View Product</a></div><div class="product"><a href="https://www.amazon.com/dp/B0007TR47G?tag=eloabder-20&linkCode=osi&th=1&psc=1"><img src="https://m.media-amazon.com/images/I/41TJAH5y4lL._SL500_.jpg" alt="Product Image"></a><p>Meguiar's M6332 Flagship Premium Marine Wax, Easy to Use Boat Polish and Wax, Remove Scratches, Swirls, and Oxidation While Leaving Lasting Protection, 32 Oz Bottle</p><p> -30% 0FF </p><p>$24.96</p><a href="https://www.amazon.com/dp/B0007TR47G?tag=eloabder-20&linkCode=osi&th=1&psc=1">View Product</a></div><div class="product"><a href="https://www.amazon.com/dp/B001GXDWGO?tag=eloabder-20&linkCode=osi&th=1&psc=1"><img src="https://m.media-amazon.com/images/I/41Gisw5b70L._SL500_.jpg" alt="Product Image"></a><p>Hardline Products Series 350 Factory Matched 3-Inch Boat & PWC Registration Number Kit, Solid Black - BLK350EC</p><p> -6% 0FF </p><p>$12.10</p><a href="https://www.amazon.com/dp/B001GXDWGO?tag=eloabder-20&linkCode=osi&th=1&psc=1">View Product</a></div><div class="product"><a href="https://www.amazon.com/dp/B0000AY4YT?tag=eloabder-20&linkCode=osi&th=1&psc=1"><img src="https://m.media-amazon.com/images/I/51Dl0tlwnQL._SL500_.jpg" alt="Product Image"></a><p>Meguiar's M4965 Marine/RV Fiberglass Restoration System, 3-Piece Marine Fiberglass Repair Kit Featuring Oxidation Remover for Boat Care Plus Boat Polish and Wax</p><p> -35% 0FF </p><p>$34.63</p><a href="https://www.amazon.com/dp/B0000AY4YT?tag=eloabder-20&linkCode=osi&th=1&psc=1">View Product</a></div>

<div class="product"><a href="https://www.amazon.com/dp/B000MT94QA?tag=eloabder-20&linkCode=osi&th=1&psc=1"><img src="https://m.media-amazon.com/images/I/41j+V11HWVL._SL500_.jpg" alt="Product Image"></a><p>Scepter Duramax Flo ’N Go 14 Gallon (53 Liter) Fueling Station, Portable Gas Caddy and Fuel Transfer Pump with 10-Foot Hose for Lawn Mower, Farm, Marine, Commercial, and Home Use, Gasoline Only, Red</p><p> -8% 0FF </p><p>$141.99</p><a href="https://www.amazon.com/dp/B000MT94QA?tag=eloabder-20&linkCode=osi&th=1&psc=1">View Product</a></div><div class="product"><a href="https://www.amazon.com/dp/B001HVJKSY?tag=eloabder-20&linkCode=osi&th=1&psc=1"><img src="https://m.media-amazon.com/images/I/41yrThZv51L._SL500_.jpg" alt="Product Image"></a><p>RDS MFG INC 72771 Fuel Tank</p><p> -9% 0FF </p><p>$758.78</p><a href="https://www.amazon.com/dp/B001HVJKSY?tag=eloabder-20&linkCode=osi&th=1&psc=1">View Product</a></div>

<div class="product"><a href="https://www.amazon.com/dp/B004HCS4NW?tag=eloabder-20&linkCode=osi&th=1&psc=1"><img src="https://m.media-amazon.com/images/I/41j5b6xRqNL._SL500_.jpg" alt="Product Image"></a><p>Meguiar's G2016 Convertible Top Cleaner, 16 Fluid Ounces, Units per Each</p><p> -31% 0FF </p><p>$8.28 ($0.52 / Fl Oz)</p><a href="https://www.amazon.com/dp/B004HCS4NW?tag=eloabder-20&linkCode=osi&th=1&psc=1">View Product</a></div><div class="product"><a href="https://www.amazon.com/dp/B0BS42VY2N?tag=eloabder-20&linkCode=osi&th=1&psc=1"><img src="https://m.media-amazon.com/images/I/4179SVWrunL._SL500_.jpg" alt="Product Image"></a><p>A-Premium Black Convertible Soft Top Compatible with Ford Mustang 2005-2014, Convertible, with Glass Window</p><p> -12% 0FF </p><p>$309.99</p><a href="https://www.amazon.com/dp/B0BS42VY2N?tag=eloabder-20&linkCode=osi&th=1&psc=1">View Product</a></div>
<div class="product"><a href="https://www.amazon.com/dp/B00029CYRG?tag=eloabder-20&linkCode=osi&th=1&psc=1"><img src="https://m.media-amazon.com/images/I/41Hnigm4E8L._SL500_.jpg" alt="Product Image"></a><p>Meguiar's M6732 Marine/RV One Step Compound, Remove Oxidation, Stains, Scratches, and Water Spots, Restore The Color and Shine of Fiberglass Gel Coat Finishes, 32 Oz Bottle</p><p> -10% 0FF </p><p>$19.62 ($0.61 / Fl Oz)</p><a href="https://www.amazon.com/dp/B00029CYRG?tag=eloabder-20&linkCode=osi&th=1&psc=1">View Product</a></div><div class="product"><a href="https://www.amazon.com/dp/B0007TR47G?tag=eloabder-20&linkCode=osi&th=1&psc=1"><img src="https://m.media-amazon.com/images/I/41TJAH5y4lL._SL500_.jpg" alt="Product Image"></a><p>Meguiar's M6332 Flagship Premium Marine Wax, Easy to Use Boat Polish and Wax, Remove Scratches, Swirls, and Oxidation While Leaving Lasting Protection, 32 Oz Bottle</p><p> -30% 0FF </p><p>$24.96</p><a href="https://www.amazon.com/dp/B0007TR47G?tag=eloabder-20&linkCode=osi&th=1&psc=1">View Product</a></div><div class="product"><a href="https://www.amazon.com/dp/B001GXDWGO?tag=eloabder-20&linkCode=osi&th=1&psc=1"><img src="https://m.media-amazon.com/images/I/41Gisw5b70L._SL500_.jpg" alt="Product Image"></a><p>Hardline Products Series 350 Factory Matched 3-Inch Boat & PWC Registration Number Kit, Solid Black - BLK350EC</p><p> -6% 0FF </p><p>$12.10</p><a href="https://www.amazon.com/dp/B001GXDWGO?tag=eloabder-20&linkCode=osi&th=1&psc=1">View Product</a></div><div class="product"><a href="https://www.amazon.com/dp/B0000AY4YT?tag=eloabder-20&linkCode=osi&th=1&psc=1"><img src="https://m.media-amazon.com/images/I/51Dl0tlwnQL._SL500_.jpg" alt="Product Image"></a><p>Meguiar's M4965 Marine/RV Fiberglass Restoration System, 3-Piece Marine Fiberglass Repair Kit Featuring Oxidation Remover for Boat Care Plus Boat Polish and Wax</p><p> -35% 0FF </p><p>$34.63</p><a href="https://www.amazon.com/dp/B0000AY4YT?tag=eloabder-20&linkCode=osi&th=1&psc=1">View Product</a></div>

<div class="product"><a href="https://www.amazon.com/dp/B000MT94QA?tag=eloabder-20&linkCode=osi&th=1&psc=1"><img src="https://m.media-amazon.com/images/I/41j+V11HWVL._SL500_.jpg" alt="Product Image"></a><p>Scepter Duramax Flo ’N Go 14 Gallon (53 Liter) Fueling Station, Portable Gas Caddy and Fuel Transfer Pump with 10-Foot Hose for Lawn Mower, Farm, Marine, Commercial, and Home Use, Gasoline Only, Red</p><p> -8% 0FF </p><p>$141.99</p><a href="https://www.amazon.com/dp/B000MT94QA?tag=eloabder-20&linkCode=osi&th=1&psc=1">View Product</a></div><div class="product"><a href="https://www.amazon.com/dp/B001HVJKSY?tag=eloabder-20&linkCode=osi&th=1&psc=1"><img src="https://m.media-amazon.com/images/I/41yrThZv51L._SL500_.jpg" alt="Product Image"></a><p>RDS MFG INC 72771 Fuel Tank</p><p> -9% 0FF </p><p>$758.78</p><a href="https://www.amazon.com/dp/B001HVJKSY?tag=eloabder-20&linkCode=osi&th=1&psc=1">View Product</a></div>


<div class="product"><a href="https://www.amazon.com/dp/B004HCS4NW?tag=eloabder-20&linkCode=osi&th=1&psc=1"><img src="https://m.media-amazon.com/images/I/41j5b6xRqNL._SL500_.jpg" alt="Product Image"></a><p>Meguiar's G2016 Convertible Top Cleaner, 16 Fluid Ounces, Units per Each</p><p> -31% 0FF </p><p>$8.28 ($0.52 / Fl Oz)</p><a href="https://www.amazon.com/dp/B004HCS4NW?tag=eloabder-20&linkCode=osi&th=1&psc=1">View Product</a></div><div class="product"><a href="https://www.amazon.com/dp/B0BS42VY2N?tag=eloabder-20&linkCode=osi&th=1&psc=1"><img src="https://m.media-amazon.com/images/I/4179SVWrunL._SL500_.jpg" alt="Product Image"></a><p>A-Premium Black Convertible Soft Top Compatible with Ford Mustang 2005-2014, Convertible, with Glass Window</p><p> -12% 0FF </p><p>$309.99</p><a href="https://www.amazon.com/dp/B0BS42VY2N?tag=eloabder-20&linkCode=osi&th=1&psc=1">View Product</a></div>
<div class="product"><a href="https://www.amazon.com/dp/B00029CYRG?tag=eloabder-20&linkCode=osi&th=1&psc=1"><img src="https://m.media-amazon.com/images/I/41Hnigm4E8L._SL500_.jpg" alt="Product Image"></a><p>Meguiar's M6732 Marine/RV One Step Compound, Remove Oxidation, Stains, Scratches, and Water Spots, Restore The Color and Shine of Fiberglass Gel Coat Finishes, 32 Oz Bottle</p><p> -10% 0FF </p><p>$19.62 ($0.61 / Fl Oz)</p><a href="https://www.amazon.com/dp/B00029CYRG?tag=eloabder-20&linkCode=osi&th=1&psc=1">View Product</a></div><div class="product"><a href="https://www.amazon.com/dp/B0007TR47G?tag=eloabder-20&linkCode=osi&th=1&psc=1"><img src="https://m.media-amazon.com/images/I/41TJAH5y4lL._SL500_.jpg" alt="Product Image"></a><p>Meguiar's M6332 Flagship Premium Marine Wax, Easy to Use Boat Polish and Wax, Remove Scratches, Swirls, and Oxidation While Leaving Lasting Protection, 32 Oz Bottle</p><p> -30% 0FF </p><p>$24.96</p><a href="https://www.amazon.com/dp/B0007TR47G?tag=eloabder-20&linkCode=osi&th=1&psc=1">View Product</a></div><div class="product"><a href="https://www.amazon.com/dp/B001GXDWGO?tag=eloabder-20&linkCode=osi&th=1&psc=1"><img src="https://m.media-amazon.com/images/I/41Gisw5b70L._SL500_.jpg" alt="Product Image"></a><p>Hardline Products Series 350 Factory Matched 3-Inch Boat & PWC Registration Number Kit, Solid Black - BLK350EC</p><p> -6% 0FF </p><p>$12.10</p><a href="https://www.amazon.com/dp/B001GXDWGO?tag=eloabder-20&linkCode=osi&th=1&psc=1">View Product</a></div><div class="product"><a href="https://www.amazon.com/dp/B0000AY4YT?tag=eloabder-20&linkCode=osi&th=1&psc=1"><img src="https://m.media-amazon.com/images/I/51Dl0tlwnQL._SL500_.jpg" alt="Product Image"></a><p>Meguiar's M4965 Marine/RV Fiberglass Restoration System, 3-Piece Marine Fiberglass Repair Kit Featuring Oxidation Remover for Boat Care Plus Boat Polish and Wax</p><p> -35% 0FF </p><p>$34.63</p><a href="https://www.amazon.com/dp/B0000AY4YT?tag=eloabder-20&linkCode=osi&th=1&psc=1">View Product</a></div>

<div class="product"><a href="https://www.amazon.com/dp/B000MT94QA?tag=eloabder-20&linkCode=osi&th=1&psc=1"><img src="https://m.media-amazon.com/images/I/41j+V11HWVL._SL500_.jpg" alt="Product Image"></a><p>Scepter Duramax Flo ’N Go 14 Gallon (53 Liter) Fueling Station, Portable Gas Caddy and Fuel Transfer Pump with 10-Foot Hose for Lawn Mower, Farm, Marine, Commercial, and Home Use, Gasoline Only, Red</p><p> -8% 0FF </p><p>$141.99</p><a href="https://www.amazon.com/dp/B000MT94QA?tag=eloabder-20&linkCode=osi&th=1&psc=1">View Product</a></div><div class="product"><a href="https://www.amazon.com/dp/B001HVJKSY?tag=eloabder-20&linkCode=osi&th=1&psc=1"><img src="https://m.media-amazon.com/images/I/41yrThZv51L._SL500_.jpg" alt="Product Image"></a><p>RDS MFG INC 72771 Fuel Tank</p><p> -9% 0FF </p><p>$758.78</p><a href="https://www.amazon.com/dp/B001HVJKSY?tag=eloabder-20&linkCode=osi&th=1&psc=1">View Product</a></div>



<div class="product"><a href="https://www.amazon.com/dp/B004HCS4NW?tag=eloabder-20&linkCode=osi&th=1&psc=1"><img src="https://m.media-amazon.com/images/I/41j5b6xRqNL._SL500_.jpg" alt="Product Image"></a><p>Meguiar's G2016 Convertible Top Cleaner, 16 Fluid Ounces, Units per Each</p><p> -31% 0FF </p><p>$8.28 ($0.52 / Fl Oz)</p><a href="https://www.amazon.com/dp/B004HCS4NW?tag=eloabder-20&linkCode=osi&th=1&psc=1">View Product</a></div><div class="product"><a href="https://www.amazon.com/dp/B0BS42VY2N?tag=eloabder-20&linkCode=osi&th=1&psc=1"><img src="https://m.media-amazon.com/images/I/4179SVWrunL._SL500_.jpg" alt="Product Image"></a><p>A-Premium Black Convertible Soft Top Compatible with Ford Mustang 2005-2014, Convertible, with Glass Window</p><p> -12% 0FF </p><p>$309.99</p><a href="https://www.amazon.com/dp/B0BS42VY2N?tag=eloabder-20&linkCode=osi&th=1&psc=1">View Product</a></div>
<div class="product"><a href="https://www.amazon.com/dp/B00029CYRG?tag=eloabder-20&linkCode=osi&th=1&psc=1"><img src="https://m.media-amazon.com/images/I/41Hnigm4E8L._SL500_.jpg" alt="Product Image"></a><p>Meguiar's M6732 Marine/RV One Step Compound, Remove Oxidation, Stains, Scratches, and Water Spots, Restore The Color and Shine of Fiberglass Gel Coat Finishes, 32 Oz Bottle</p><p> -10% 0FF </p><p>$19.62 ($0.61 / Fl Oz)</p><a href="https://www.amazon.com/dp/B00029CYRG?tag=eloabder-20&linkCode=osi&th=1&psc=1">View Product</a></div><div class="product"><a href="https://www.amazon.com/dp/B0007TR47G?tag=eloabder-20&linkCode=osi&th=1&psc=1"><img src="https://m.media-amazon.com/images/I/41TJAH5y4lL._SL500_.jpg" alt="Product Image"></a><p>Meguiar's M6332 Flagship Premium Marine Wax, Easy to Use Boat Polish and Wax, Remove Scratches, Swirls, and Oxidation While Leaving Lasting Protection, 32 Oz Bottle</p><p> -30% 0FF </p><p>$24.96</p><a href="https://www.amazon.com/dp/B0007TR47G?tag=eloabder-20&linkCode=osi&th=1&psc=1">View Product</a></div><div class="product"><a href="https://www.amazon.com/dp/B001GXDWGO?tag=eloabder-20&linkCode=osi&th=1&psc=1"><img src="https://m.media-amazon.com/images/I/41Gisw5b70L._SL500_.jpg" alt="Product Image"></a><p>Hardline Products Series 350 Factory Matched 3-Inch Boat & PWC Registration Number Kit, Solid Black - BLK350EC</p><p> -6% 0FF </p><p>$12.10</p><a href="https://www.amazon.com/dp/B001GXDWGO?tag=eloabder-20&linkCode=osi&th=1&psc=1">View Product</a></div><div class="product"><a href="https://www.amazon.com/dp/B0000AY4YT?tag=eloabder-20&linkCode=osi&th=1&psc=1"><img src="https://m.media-amazon.com/images/I/51Dl0tlwnQL._SL500_.jpg" alt="Product Image"></a><p>Meguiar's M4965 Marine/RV Fiberglass Restoration System, 3-Piece Marine Fiberglass Repair Kit Featuring Oxidation Remover for Boat Care Plus Boat Polish and Wax</p><p> -35% 0FF </p><p>$34.63</p><a href="https://www.amazon.com/dp/B0000AY4YT?tag=eloabder-20&linkCode=osi&th=1&psc=1">View Product</a></div>

<div class="product"><a href="https://www.amazon.com/dp/B000MT94QA?tag=eloabder-20&linkCode=osi&th=1&psc=1"><img src="https://m.media-amazon.com/images/I/41j+V11HWVL._SL500_.jpg" alt="Product Image"></a><p>Scepter Duramax Flo ’N Go 14 Gallon (53 Liter) Fueling Station, Portable Gas Caddy and Fuel Transfer Pump with 10-Foot Hose for Lawn Mower, Farm, Marine, Commercial, and Home Use, Gasoline Only, Red</p><p> -8% 0FF </p><p>$141.99</p><a href="https://www.amazon.com/dp/B000MT94QA?tag=eloabder-20&linkCode=osi&th=1&psc=1">View Product</a></div><div class="product"><a href="https://www.amazon.com/dp/B001HVJKSY?tag=eloabder-20&linkCode=osi&th=1&psc=1"><img src="https://m.media-amazon.com/images/I/41yrThZv51L._SL500_.jpg" alt="Product Image"></a><p>RDS MFG INC 72771 Fuel Tank</p><p> -9% 0FF </p><p>$758.78</p><a href="https://www.amazon.com/dp/B001HVJKSY?tag=eloabder-20&linkCode=osi&th=1&psc=1">View Product</a></div>




<div class="product"><a href="https://www.amazon.com/dp/B004HCS4NW?tag=eloabder-20&linkCode=osi&th=1&psc=1"><img src="https://m.media-amazon.com/images/I/41j5b6xRqNL._SL500_.jpg" alt="Product Image"></a><p>Meguiar's G2016 Convertible Top Cleaner, 16 Fluid Ounces, Units per Each</p><p> -31% 0FF </p><p>$8.28 ($0.52 / Fl Oz)</p><a href="https://www.amazon.com/dp/B004HCS4NW?tag=eloabder-20&linkCode=osi&th=1&psc=1">View Product</a></div><div class="product"><a href="https://www.amazon.com/dp/B0BS42VY2N?tag=eloabder-20&linkCode=osi&th=1&psc=1"><img src="https://m.media-amazon.com/images/I/4179SVWrunL._SL500_.jpg" alt="Product Image"></a><p>A-Premium Black Convertible Soft Top Compatible with Ford Mustang 2005-2014, Convertible, with Glass Window</p><p> -12% 0FF </p><p>$309.99</p><a href="https://www.amazon.com/dp/B0BS42VY2N?tag=eloabder-20&linkCode=osi&th=1&psc=1">View Product</a></div>
<div class="product"><a href="https://www.amazon.com/dp/B00029CYRG?tag=eloabder-20&linkCode=osi&th=1&psc=1"><img src="https://m.media-amazon.com/images/I/41Hnigm4E8L._SL500_.jpg" alt="Product Image"></a><p>Meguiar's M6732 Marine/RV One Step Compound, Remove Oxidation, Stains, Scratches, and Water Spots, Restore The Color and Shine of Fiberglass Gel Coat Finishes, 32 Oz Bottle</p><p> -10% 0FF </p><p>$19.62 ($0.61 / Fl Oz)</p><a href="https://www.amazon.com/dp/B00029CYRG?tag=eloabder-20&linkCode=osi&th=1&psc=1">View Product</a></div><div class="product"><a href="https://www.amazon.com/dp/B0007TR47G?tag=eloabder-20&linkCode=osi&th=1&psc=1"><img src="https://m.media-amazon.com/images/I/41TJAH5y4lL._SL500_.jpg" alt="Product Image"></a><p>Meguiar's M6332 Flagship Premium Marine Wax, Easy to Use Boat Polish and Wax, Remove Scratches, Swirls, and Oxidation While Leaving Lasting Protection, 32 Oz Bottle</p><p> -30% 0FF </p><p>$24.96</p><a href="https://www.amazon.com/dp/B0007TR47G?tag=eloabder-20&linkCode=osi&th=1&psc=1">View Product</a></div><div class="product"><a href="https://www.amazon.com/dp/B001GXDWGO?tag=eloabder-20&linkCode=osi&th=1&psc=1"><img src="https://m.media-amazon.com/images/I/41Gisw5b70L._SL500_.jpg" alt="Product Image"></a><p>Hardline Products Series 350 Factory Matched 3-Inch Boat & PWC Registration Number Kit, Solid Black - BLK350EC</p><p> -6% 0FF </p><p>$12.10</p><a href="https://www.amazon.com/dp/B001GXDWGO?tag=eloabder-20&linkCode=osi&th=1&psc=1">View Product</a></div><div class="product"><a href="https://www.amazon.com/dp/B0000AY4YT?tag=eloabder-20&linkCode=osi&th=1&psc=1"><img src="https://m.media-amazon.com/images/I/51Dl0tlwnQL._SL500_.jpg" alt="Product Image"></a><p>Meguiar's M4965 Marine/RV Fiberglass Restoration System, 3-Piece Marine Fiberglass Repair Kit Featuring Oxidation Remover for Boat Care Plus Boat Polish and Wax</p><p> -35% 0FF </p><p>$34.63</p><a href="https://www.amazon.com/dp/B0000AY4YT?tag=eloabder-20&linkCode=osi&th=1&psc=1">View Product</a></div>

<div class="product"><a href="https://www.amazon.com/dp/B000MT94QA?tag=eloabder-20&linkCode=osi&th=1&psc=1"><img src="https://m.media-amazon.com/images/I/41j+V11HWVL._SL500_.jpg" alt="Product Image"></a><p>Scepter Duramax Flo ’N Go 14 Gallon (53 Liter) Fueling Station, Portable Gas Caddy and Fuel Transfer Pump with 10-Foot Hose for Lawn Mower, Farm, Marine, Commercial, and Home Use, Gasoline Only, Red</p><p> -8% 0FF </p><p>$141.99</p><a href="https://www.amazon.com/dp/B000MT94QA?tag=eloabder-20&linkCode=osi&th=1&psc=1">View Product</a></div><div class="product"><a href="https://www.amazon.com/dp/B001HVJKSY?tag=eloabder-20&linkCode=osi&th=1&psc=1"><img src="https://m.media-amazon.com/images/I/41yrThZv51L._SL500_.jpg" alt="Product Image"></a><p>RDS MFG INC 72771 Fuel Tank</p><p> -9% 0FF </p><p>$758.78</p><a href="https://www.amazon.com/dp/B001HVJKSY?tag=eloabder-20&linkCode=osi&th=1&psc=1">View Product</a></div>



<div class="product"><a href="https://www.amazon.com/dp/B098WVKF19?tag=eloabder-20&linkCode=osi&th=1&psc=1"><img src="https://m.media-amazon.com/images/I/41IK3vBCYyL._SL500_.jpg" alt="Product Image"></a><p>REDTIGER Dash Cam Front Rear, 4K/2.5K Full HD Dash Camera for Cars, Included 32GB Card, Built-in Wi-Fi GPS, APP Control, 3.18" IPS Screen, Night Vision, Wide Angle, WDR, 24H Parking Mode(F7NP)</p><p> -55% 0FF </p><p>$89.99</p><a href="https://www.amazon.com/dp/B098WVKF19?tag=eloabder-20&linkCode=osi&th=1&psc=1">View Product</a></div><div class="product"><a href="https://www.amazon.com/dp/B0D6J5B98H?tag=eloabder-20&linkCode=osi&th=1&psc=1"><img src="https://m.media-amazon.com/images/I/51SmyQooLuL._SL500_.jpg" alt="Product Image"></a><p>ROVE R2-4K DUAL Dash Cam Front and Rear, STARVIS 2 Sensor, FREE 128GB Card Included, 5G WiFi - up to 20MB/s Fastest Download Speed with App, 4K 2160P/FHD Dash Camera for Cars, 3" IPS, 24H Parking Mode</p><p> -35% 0FF </p><p>$129.99</p><a href="https://www.amazon.com/dp/B0D6J5B98H?tag=eloabder-20&linkCode=osi&th=1&psc=1">View Product</a></div><div class="product"><a href="https://www.amazon.com/dp/B0CKXMKRCS?tag=eloabder-20&linkCode=osi&th=1&psc=1"><img src="https://m.media-amazon.com/images/I/51V46zR7lIL._SL500_.jpg" alt="Product Image"></a><p>Dash Cam WiFi 2K, Car Camera with APP, Front Dash Camera for Cars, Mini Dashcams with WDR Night Vision, 24 Hours Parking Monitor, Loop Recording, G-Sensor</p><p> -33% 0FF </p><p>$39.98</p><a href="https://www.amazon.com/dp/B0CKXMKRCS?tag=eloabder-20&linkCode=osi&th=1&psc=1">View Product</a></div><div class="product"><a href="https://www.amazon.com/dp/B0C2Y6WXJ7?tag=eloabder-20&linkCode=osi&th=1&psc=1"><img src="https://m.media-amazon.com/images/I/51osSkFBZDL._SL500_.jpg" alt="Product Image"></a><p>Dash Cam Front and Rear, 1080P Dash Camera for Cars, 3 Channel Car Camera Front Rear and Inside with 32GB Card, Loop Recording, Night Vision, HDR, G-Sensor, 24Hr Parking</p><p> -14% 0FF </p><p>$59.99</p><a href="https://www.amazon.com/dp/B0C2Y6WXJ7?tag=eloabder-20&linkCode=osi&th=1&psc=1">View Product</a></div><div class="product"><a href="https://www.amazon.com/dp/B0C6YBHKJ5?tag=eloabder-20&linkCode=osi&th=1&psc=1"><img src="https://m.media-amazon.com/images/I/51ktc2240CL._SL500_.jpg" alt="Product Image"></a><p>REDTIGER 4K Dash Cam Front and Rear, STARVIS 2 Sensor, Touch Screen 3.18", 128GB Card Included, Voice Control, 5.8GHz WiFi Car Dash Camera, GPS, Night Vision, Emergency Lock, Parking Mode (F7N Touch)</p><p> -25% 0FF </p><p>$149.99</p><a href="https://www.amazon.com/dp/B0C6YBHKJ5?tag=eloabder-20&linkCode=osi&th=1&psc=1">View Product</a></div><div class="product"><a href="https://www.amazon.com/dp/B0BKF6XQVY?tag=eloabder-20&linkCode=osi&th=1&psc=1"><img src="https://m.media-amazon.com/images/I/41kQ6r03ocL._SL500_.jpg" alt="Product Image"></a><p>ARIFAYZ Dash Cam Front and Rear 4K+1080P, Free 64GB Card, Built-in WiFi, Dash Camera for Cars, Car Camera, Dual Dashcams for Cars with Night Vision, 24 Hours Parking Monitor, Loop Recording</p><p> -10% 0FF </p><p>$89.99</p><a href="https://www.amazon.com/dp/B0BKF6XQVY?tag=eloabder-20&linkCode=osi&th=1&psc=1">View Product</a></div>

<div class="product"><a href="https://www.amazon.com/dp/B004HCS4NW?tag=eloabder-20&linkCode=osi&th=1&psc=1"><img src="https://m.media-amazon.com/images/I/41j5b6xRqNL._SL500_.jpg" alt="Product Image"></a><p>Meguiar's G2016 Convertible Top Cleaner, 16 Fluid Ounces, Units per Each</p><p> -31% 0FF </p><p>$8.28 ($0.52 / Fl Oz)</p><a href="https://www.amazon.com/dp/B004HCS4NW?tag=eloabder-20&linkCode=osi&th=1&psc=1">View Product</a></div><div class="product"><a href="https://www.amazon.com/dp/B0BS42VY2N?tag=eloabder-20&linkCode=osi&th=1&psc=1"><img src="https://m.media-amazon.com/images/I/4179SVWrunL._SL500_.jpg" alt="Product Image"></a><p>A-Premium Black Convertible Soft Top Compatible with Ford Mustang 2005-2014, Convertible, with Glass Window</p><p> -12% 0FF </p><p>$309.99</p><a href="https://www.amazon.com/dp/B0BS42VY2N?tag=eloabder-20&linkCode=osi&th=1&psc=1">View Product</a></div>
<div class="product"><a href="https://www.amazon.com/dp/B00029CYRG?tag=eloabder-20&linkCode=osi&th=1&psc=1"><img src="https://m.media-amazon.com/images/I/41Hnigm4E8L._SL500_.jpg" alt="Product Image"></a><p>Meguiar's M6732 Marine/RV One Step Compound, Remove Oxidation, Stains, Scratches, and Water Spots, Restore The Color and Shine of Fiberglass Gel Coat Finishes, 32 Oz Bottle</p><p> -10% 0FF </p><p>$19.62 ($0.61 / Fl Oz)</p><a href="https://www.amazon.com/dp/B00029CYRG?tag=eloabder-20&linkCode=osi&th=1&psc=1">View Product</a></div><div class="product"><a href="https://www.amazon.com/dp/B0007TR47G?tag=eloabder-20&linkCode=osi&th=1&psc=1"><img src="https://m.media-amazon.com/images/I/41TJAH5y4lL._SL500_.jpg" alt="Product Image"></a><p>Meguiar's M6332 Flagship Premium Marine Wax, Easy to Use Boat Polish and Wax, Remove Scratches, Swirls, and Oxidation While Leaving Lasting Protection, 32 Oz Bottle</p><p> -30% 0FF </p><p>$24.96</p><a href="https://www.amazon.com/dp/B0007TR47G?tag=eloabder-20&linkCode=osi&th=1&psc=1">View Product</a></div><div class="product"><a href="https://www.amazon.com/dp/B001GXDWGO?tag=eloabder-20&linkCode=osi&th=1&psc=1"><img src="https://m.media-amazon.com/images/I/41Gisw5b70L._SL500_.jpg" alt="Product Image"></a><p>Hardline Products Series 350 Factory Matched 3-Inch Boat & PWC Registration Number Kit, Solid Black - BLK350EC</p><p> -6% 0FF </p><p>$12.10</p><a href="https://www.amazon.com/dp/B001GXDWGO?tag=eloabder-20&linkCode=osi&th=1&psc=1">View Product</a></div><div class="product"><a href="https://www.amazon.com/dp/B0000AY4YT?tag=eloabder-20&linkCode=osi&th=1&psc=1"><img src="https://m.media-amazon.com/images/I/51Dl0tlwnQL._SL500_.jpg" alt="Product Image"></a><p>Meguiar's M4965 Marine/RV Fiberglass Restoration System, 3-Piece Marine Fiberglass Repair Kit Featuring Oxidation Remover for Boat Care Plus Boat Polish and Wax</p><p> -35% 0FF </p><p>$34.63</p><a href="https://www.amazon.com/dp/B0000AY4YT?tag=eloabder-20&linkCode=osi&th=1&psc=1">View Product</a></div>

<div class="product"><a href="https://www.amazon.com/dp/B000MT94QA?tag=eloabder-20&linkCode=osi&th=1&psc=1"><img src="https://m.media-amazon.com/images/I/41j+V11HWVL._SL500_.jpg" alt="Product Image"></a><p>Scepter Duramax Flo ’N Go 14 Gallon (53 Liter) Fueling Station, Portable Gas Caddy and Fuel Transfer Pump with 10-Foot Hose for Lawn Mower, Farm, Marine, Commercial, and Home Use, Gasoline Only, Red</p><p> -8% 0FF </p><p>$141.99</p><a href="https://www.amazon.com/dp/B000MT94QA?tag=eloabder-20&linkCode=osi&th=1&psc=1">View Product</a></div><div class="product"><a href="https://www.amazon.com/dp/B001HVJKSY?tag=eloabder-20&linkCode=osi&th=1&psc=1"><img src="https://m.media-amazon.com/images/I/41yrThZv51L._SL500_.jpg" alt="Product Image"></a><p>RDS MFG INC 72771 Fuel Tank</p><p> -9% 0FF </p><p>$758.78</p><a href="https://www.amazon.com/dp/B001HVJKSY?tag=eloabder-20&linkCode=osi&th=1&psc=1">View Product</a></div>



<div class="product"><a href="https://www.amazon.com/dp/B098WVKF19?tag=eloabder-20&linkCode=osi&th=1&psc=1"><img src="https://m.media-amazon.com/images/I/41IK3vBCYyL._SL500_.jpg" alt="Product Image"></a><p>REDTIGER Dash Cam Front Rear, 4K/2.5K Full HD Dash Camera for Cars, Included 32GB Card, Built-in Wi-Fi GPS, APP Control, 3.18" IPS Screen, Night Vision, Wide Angle, WDR, 24H Parking Mode(F7NP)</p><p> -55% 0FF </p><p>$89.99</p><a href="https://www.amazon.com/dp/B098WVKF19?tag=eloabder-20&linkCode=osi&th=1&psc=1">View Product</a></div><div class="product"><a href="https://www.amazon.com/dp/B0D6J5B98H?tag=eloabder-20&linkCode=osi&th=1&psc=1"><img src="https://m.media-amazon.com/images/I/51SmyQooLuL._SL500_.jpg" alt="Product Image"></a><p>ROVE R2-4K DUAL Dash Cam Front and Rear, STARVIS 2 Sensor, FREE 128GB Card Included, 5G WiFi - up to 20MB/s Fastest Download Speed with App, 4K 2160P/FHD Dash Camera for Cars, 3" IPS, 24H Parking Mode</p><p> -35% 0FF </p><p>$129.99</p><a href="https://www.amazon.com/dp/B0D6J5B98H?tag=eloabder-20&linkCode=osi&th=1&psc=1">View Product</a></div><div class="product"><a href="https://www.amazon.com/dp/B0CKXMKRCS?tag=eloabder-20&linkCode=osi&th=1&psc=1"><img src="https://m.media-amazon.com/images/I/51V46zR7lIL._SL500_.jpg" alt="Product Image"></a><p>Dash Cam WiFi 2K, Car Camera with APP, Front Dash Camera for Cars, Mini Dashcams with WDR Night Vision, 24 Hours Parking Monitor, Loop Recording, G-Sensor</p><p> -33% 0FF </p><p>$39.98</p><a href="https://www.amazon.com/dp/B0CKXMKRCS?tag=eloabder-20&linkCode=osi&th=1&psc=1">View Product</a></div><div class="product"><a href="https://www.amazon.com/dp/B0C2Y6WXJ7?tag=eloabder-20&linkCode=osi&th=1&psc=1"><img src="https://m.media-amazon.com/images/I/51osSkFBZDL._SL500_.jpg" alt="Product Image"></a><p>Dash Cam Front and Rear, 1080P Dash Camera for Cars, 3 Channel Car Camera Front Rear and Inside with 32GB Card, Loop Recording, Night Vision, HDR, G-Sensor, 24Hr Parking</p><p> -14% 0FF </p><p>$59.99</p><a href="https://www.amazon.com/dp/B0C2Y6WXJ7?tag=eloabder-20&linkCode=osi&th=1&psc=1">View Product</a></div><div class="product"><a href="https://www.amazon.com/dp/B0C6YBHKJ5?tag=eloabder-20&linkCode=osi&th=1&psc=1"><img src="https://m.media-amazon.com/images/I/51ktc2240CL._SL500_.jpg" alt="Product Image"></a><p>REDTIGER 4K Dash Cam Front and Rear, STARVIS 2 Sensor, Touch Screen 3.18", 128GB Card Included, Voice Control, 5.8GHz WiFi Car Dash Camera, GPS, Night Vision, Emergency Lock, Parking Mode (F7N Touch)</p><p> -25% 0FF </p><p>$149.99</p><a href="https://www.amazon.com/dp/B0C6YBHKJ5?tag=eloabder-20&linkCode=osi&th=1&psc=1">View Product</a></div><div class="product"><a href="https://www.amazon.com/dp/B0BKF6XQVY?tag=eloabder-20&linkCode=osi&th=1&psc=1"><img src="https://m.media-amazon.com/images/I/41kQ6r03ocL._SL500_.jpg" alt="Product Image"></a><p>ARIFAYZ Dash Cam Front and Rear 4K+1080P, Free 64GB Card, Built-in WiFi, Dash Camera for Cars, Car Camera, Dual Dashcams for Cars with Night Vision, 24 Hours Parking Monitor, Loop Recording</p><p> -10% 0FF </p><p>$89.99</p><a href="https://www.amazon.com/dp/B0BKF6XQVY?tag=eloabder-20&linkCode=osi&th=1&psc=1">View Product</a></div>
<div class="product"><a href="https://www.amazon.com/dp/B07LF7YBNF?tag=eloabder-20&linkCode=osi&th=1&psc=1"><img src="https://m.media-amazon.com/images/I/514tDraUiKL._SL500_.jpg" alt="Product Image"></a><p>BANVIE Car Alarm System, Security Antitheft Alarm Systems with Keyless Entry, with Microwave Sensor & Shock Sensor</p><p> -11% 0FF </p><p>$32.99</p><a href="https://www.amazon.com/dp/B07LF7YBNF?tag=eloabder-20&linkCode=osi&th=1&psc=1">View Product</a></div>

<div class="product"><a href="https://www.amazon.com/dp/B004HCS4NW?tag=eloabder-20&linkCode=osi&th=1&psc=1"><img src="https://m.media-amazon.com/images/I/41j5b6xRqNL._SL500_.jpg" alt="Product Image"></a><p>Meguiar's G2016 Convertible Top Cleaner, 16 Fluid Ounces, Units per Each</p><p> -31% 0FF </p><p>$8.28 ($0.52 / Fl Oz)</p><a href="https://www.amazon.com/dp/B004HCS4NW?tag=eloabder-20&linkCode=osi&th=1&psc=1">View Product</a></div><div class="product"><a href="https://www.amazon.com/dp/B0BS42VY2N?tag=eloabder-20&linkCode=osi&th=1&psc=1"><img src="https://m.media-amazon.com/images/I/4179SVWrunL._SL500_.jpg" alt="Product Image"></a><p>A-Premium Black Convertible Soft Top Compatible with Ford Mustang 2005-2014, Convertible, with Glass Window</p><p> -12% 0FF </p><p>$309.99</p><a href="https://www.amazon.com/dp/B0BS42VY2N?tag=eloabder-20&linkCode=osi&th=1&psc=1">View Product</a></div>
<div class="product"><a href="https://www.amazon.com/dp/B00029CYRG?tag=eloabder-20&linkCode=osi&th=1&psc=1"><img src="https://m.media-amazon.com/images/I/41Hnigm4E8L._SL500_.jpg" alt="Product Image"></a><p>Meguiar's M6732 Marine/RV One Step Compound, Remove Oxidation, Stains, Scratches, and Water Spots, Restore The Color and Shine of Fiberglass Gel Coat Finishes, 32 Oz Bottle</p><p> -10% 0FF </p><p>$19.62 ($0.61 / Fl Oz)</p><a href="https://www.amazon.com/dp/B00029CYRG?tag=eloabder-20&linkCode=osi&th=1&psc=1">View Product</a></div><div class="product"><a href="https://www.amazon.com/dp/B0007TR47G?tag=eloabder-20&linkCode=osi&th=1&psc=1"><img src="https://m.media-amazon.com/images/I/41TJAH5y4lL._SL500_.jpg" alt="Product Image"></a><p>Meguiar's M6332 Flagship Premium Marine Wax, Easy to Use Boat Polish and Wax, Remove Scratches, Swirls, and Oxidation While Leaving Lasting Protection, 32 Oz Bottle</p><p> -30% 0FF </p><p>$24.96</p><a href="https://www.amazon.com/dp/B0007TR47G?tag=eloabder-20&linkCode=osi&th=1&psc=1">View Product</a></div><div class="product"><a href="https://www.amazon.com/dp/B001GXDWGO?tag=eloabder-20&linkCode=osi&th=1&psc=1"><img src="https://m.media-amazon.com/images/I/41Gisw5b70L._SL500_.jpg" alt="Product Image"></a><p>Hardline Products Series 350 Factory Matched 3-Inch Boat & PWC Registration Number Kit, Solid Black - BLK350EC</p><p> -6% 0FF </p><p>$12.10</p><a href="https://www.amazon.com/dp/B001GXDWGO?tag=eloabder-20&linkCode=osi&th=1&psc=1">View Product</a></div><div class="product"><a href="https://www.amazon.com/dp/B0000AY4YT?tag=eloabder-20&linkCode=osi&th=1&psc=1"><img src="https://m.media-amazon.com/images/I/51Dl0tlwnQL._SL500_.jpg" alt="Product Image"></a><p>Meguiar's M4965 Marine/RV Fiberglass Restoration System, 3-Piece Marine Fiberglass Repair Kit Featuring Oxidation Remover for Boat Care Plus Boat Polish and Wax</p><p> -35% 0FF </p><p>$34.63</p><a href="https://www.amazon.com/dp/B0000AY4YT?tag=eloabder-20&linkCode=osi&th=1&psc=1">View Product</a></div>

<div class="product"><a href="https://www.amazon.com/dp/B000MT94QA?tag=eloabder-20&linkCode=osi&th=1&psc=1"><img src="https://m.media-amazon.com/images/I/41j+V11HWVL._SL500_.jpg" alt="Product Image"></a><p>Scepter Duramax Flo ’N Go 14 Gallon (53 Liter) Fueling Station, Portable Gas Caddy and Fuel Transfer Pump with 10-Foot Hose for Lawn Mower, Farm, Marine, Commercial, and Home Use, Gasoline Only, Red</p><p> -8% 0FF </p><p>$141.99</p><a href="https://www.amazon.com/dp/B000MT94QA?tag=eloabder-20&linkCode=osi&th=1&psc=1">View Product</a></div><div class="product"><a href="https://www.amazon.com/dp/B001HVJKSY?tag=eloabder-20&linkCode=osi&th=1&psc=1"><img src="https://m.media-amazon.com/images/I/41yrThZv51L._SL500_.jpg" alt="Product Image"></a><p>RDS MFG INC 72771 Fuel Tank</p><p> -9% 0FF </p><p>$758.78</p><a href="https://www.amazon.com/dp/B001HVJKSY?tag=eloabder-20&linkCode=osi&th=1&psc=1">View Product</a></div>



<div class="product"><a href="https://www.amazon.com/dp/B098WVKF19?tag=eloabder-20&linkCode=osi&th=1&psc=1"><img src="https://m.media-amazon.com/images/I/41IK3vBCYyL._SL500_.jpg" alt="Product Image"></a><p>REDTIGER Dash Cam Front Rear, 4K/2.5K Full HD Dash Camera for Cars, Included 32GB Card, Built-in Wi-Fi GPS, APP Control, 3.18" IPS Screen, Night Vision, Wide Angle, WDR, 24H Parking Mode(F7NP)</p><p> -55% 0FF </p><p>$89.99</p><a href="https://www.amazon.com/dp/B098WVKF19?tag=eloabder-20&linkCode=osi&th=1&psc=1">View Product</a></div><div class="product"><a href="https://www.amazon.com/dp/B0D6J5B98H?tag=eloabder-20&linkCode=osi&th=1&psc=1"><img src="https://m.media-amazon.com/images/I/51SmyQooLuL._SL500_.jpg" alt="Product Image"></a><p>ROVE R2-4K DUAL Dash Cam Front and Rear, STARVIS 2 Sensor, FREE 128GB Card Included, 5G WiFi - up to 20MB/s Fastest Download Speed with App, 4K 2160P/FHD Dash Camera for Cars, 3" IPS, 24H Parking Mode</p><p> -35% 0FF </p><p>$129.99</p><a href="https://www.amazon.com/dp/B0D6J5B98H?tag=eloabder-20&linkCode=osi&th=1&psc=1">View Product</a></div><div class="product"><a href="https://www.amazon.com/dp/B0CKXMKRCS?tag=eloabder-20&linkCode=osi&th=1&psc=1"><img src="https://m.media-amazon.com/images/I/51V46zR7lIL._SL500_.jpg" alt="Product Image"></a><p>Dash Cam WiFi 2K, Car Camera with APP, Front Dash Camera for Cars, Mini Dashcams with WDR Night Vision, 24 Hours Parking Monitor, Loop Recording, G-Sensor</p><p> -33% 0FF </p><p>$39.98</p><a href="https://www.amazon.com/dp/B0CKXMKRCS?tag=eloabder-20&linkCode=osi&th=1&psc=1">View Product</a></div><div class="product"><a href="https://www.amazon.com/dp/B0C2Y6WXJ7?tag=eloabder-20&linkCode=osi&th=1&psc=1"><img src="https://m.media-amazon.com/images/I/51osSkFBZDL._SL500_.jpg" alt="Product Image"></a><p>Dash Cam Front and Rear, 1080P Dash Camera for Cars, 3 Channel Car Camera Front Rear and Inside with 32GB Card, Loop Recording, Night Vision, HDR, G-Sensor, 24Hr Parking</p><p> -14% 0FF </p><p>$59.99</p><a href="https://www.amazon.com/dp/B0C2Y6WXJ7?tag=eloabder-20&linkCode=osi&th=1&psc=1">View Product</a></div><div class="product"><a href="https://www.amazon.com/dp/B0C6YBHKJ5?tag=eloabder-20&linkCode=osi&th=1&psc=1"><img src="https://m.media-amazon.com/images/I/51ktc2240CL._SL500_.jpg" alt="Product Image"></a><p>REDTIGER 4K Dash Cam Front and Rear, STARVIS 2 Sensor, Touch Screen 3.18", 128GB Card Included, Voice Control, 5.8GHz WiFi Car Dash Camera, GPS, Night Vision, Emergency Lock, Parking Mode (F7N Touch)</p><p> -25% 0FF </p><p>$149.99</p><a href="https://www.amazon.com/dp/B0C6YBHKJ5?tag=eloabder-20&linkCode=osi&th=1&psc=1">View Product</a></div><div class="product"><a href="https://www.amazon.com/dp/B0BKF6XQVY?tag=eloabder-20&linkCode=osi&th=1&psc=1"><img src="https://m.media-amazon.com/images/I/41kQ6r03ocL._SL500_.jpg" alt="Product Image"></a><p>ARIFAYZ Dash Cam Front and Rear 4K+1080P, Free 64GB Card, Built-in WiFi, Dash Camera for Cars, Car Camera, Dual Dashcams for Cars with Night Vision, 24 Hours Parking Monitor, Loop Recording</p><p> -10% 0FF </p><p>$89.99</p><a href="https://www.amazon.com/dp/B0BKF6XQVY?tag=eloabder-20&linkCode=osi&th=1&psc=1">View Product</a></div>
<div class="product"><a href="https://www.amazon.com/dp/B07LF7YBNF?tag=eloabder-20&linkCode=osi&th=1&psc=1"><img src="https://m.media-amazon.com/images/I/514tDraUiKL._SL500_.jpg" alt="Product Image"></a><p>BANVIE Car Alarm System, Security Antitheft Alarm Systems with Keyless Entry, with Microwave Sensor & Shock Sensor</p><p> -11% 0FF </p><p>$32.99</p><a href="https://www.amazon.com/dp/B07LF7YBNF?tag=eloabder-20&linkCode=osi&th=1&psc=1">View Product</a></div>
<div class="product"><a href="https://www.amazon.com/dp/B07FT6R38V?tag=eloabder-20&linkCode=osi&th=1&psc=1"><img src="https://m.media-amazon.com/images/I/51PS4hJmevL._SL500_.jpg" alt="Product Image"></a><p>LIANXIN Roadside Assistance Emergency Kit - Car Emergency Kit with Jumper Cables (Upgraded) Emergency Roadside Kit for Car 142 Pieces Car Safety Kits,Tow Strap,Tool Kit,Reflective Warning Triangle</p><p> -5% 0FF </p><p>$39.99</p><a href="https://www.amazon.com/dp/B07FT6R38V?tag=eloabder-20&linkCode=osi&th=1&psc=1">View Product</a></div><div class="product"><a href="https://www.amazon.com/dp/B07BR7Q4RG?tag=eloabder-20&linkCode=osi&th=1&psc=1"><img src="https://m.media-amazon.com/images/I/51wT7DxPZ-L._SL500_.jpg" alt="Product Image"></a><p>STDY Car Roadside Emergency Kit, Vehicle Truck Safety Road Side Assistance Kits Auto Accessory, with Jumper Cables, First Aid Kit, Tow Rope, Reflective Triangle, Tire Pressure Gauge, etc</p><p> -36% 0FF </p><p>$34.99</p><a href="https://www.amazon.com/dp/B07BR7Q4RG?tag=eloabder-20&linkCode=osi&th=1&psc=1">View Product</a></div><div class="product"><a href="https://www.amazon.com/dp/B08RS888RH?tag=eloabder-20&linkCode=osi&th=1&psc=1"><img src="https://m.media-amazon.com/images/I/511WieELkPL._SL500_.jpg" alt="Product Image"></a><p>Vetoos Car Roadside Emergency Kit with Jumper Cables, Auto Vehicle Safety Road Side Assistance Kits, Winter Car Kit Essentials for Women and Men, with Car Repair Tool Set, Folding Survival Shovel</p><p> -33% 0FF </p><p>$39.99</p><a href="https://www.amazon.com/dp/B08RS888RH?tag=eloabder-20&linkCode=osi&th=1&psc=1">View Product</a></div><div class="product"><a href="https://www.amazon.com/dp/B086ZZ145D?tag=eloabder-20&linkCode=osi&th=1&psc=1"><img src="https://m.media-amazon.com/images/I/517daXfVHHL._SL500_.jpg" alt="Product Image"></a><p>Vetoos Roadside Emergency Car Kit with Jumper Cables, Auto Vehicle Safety Road Side Assistance Kit Essentials, Winter Car Kit for Women and Men, with Mini Car Tool Set, Dial Tire Pressure Gauge</p><p> -30% 0FF </p><p>$34.99</p><a href="https://www.amazon.com/dp/B086ZZ145D?tag=eloabder-20&linkCode=osi&th=1&psc=1">View Product</a></div><div class="product"><a href="https://www.amazon.com/dp/B09QXJF7C5?tag=eloabder-20&linkCode=osi&th=1&psc=1"><img src="https://m.media-amazon.com/images/I/51Mvi43rtIL._SL500_.jpg" alt="Product Image"></a><p>WETBAS Car Roadside Emergency Kit, Auto Vehicle Safety Emergency Road Side Assistance Kits Essentials, Solenoid Starter Repair Kit with Jumper Cables, Safety Hammer, Reflective Warning Triangle</p><p> -36% 0FF </p><p>$34.98</p><a href="https://www.amazon.com/dp/B09QXJF7C5?tag=eloabder-20&linkCode=osi&th=1&psc=1">View Product</a></div>

<div class="product"><a href="https://www.amazon.com/dp/B004HCS4NW?tag=eloabder-20&linkCode=osi&th=1&psc=1"><img src="https://m.media-amazon.com/images/I/41j5b6xRqNL._SL500_.jpg" alt="Product Image"></a><p>Meguiar's G2016 Convertible Top Cleaner, 16 Fluid Ounces, Units per Each</p><p> -31% 0FF </p><p>$8.28 ($0.52 / Fl Oz)</p><a href="https://www.amazon.com/dp/B004HCS4NW?tag=eloabder-20&linkCode=osi&th=1&psc=1">View Product</a></div><div class="product"><a href="https://www.amazon.com/dp/B0BS42VY2N?tag=eloabder-20&linkCode=osi&th=1&psc=1"><img src="https://m.media-amazon.com/images/I/4179SVWrunL._SL500_.jpg" alt="Product Image"></a><p>A-Premium Black Convertible Soft Top Compatible with Ford Mustang 2005-2014, Convertible, with Glass Window</p><p> -12% 0FF </p><p>$309.99</p><a href="https://www.amazon.com/dp/B0BS42VY2N?tag=eloabder-20&linkCode=osi&th=1&psc=1">View Product</a></div>
<div class="product"><a href="https://www.amazon.com/dp/B00029CYRG?tag=eloabder-20&linkCode=osi&th=1&psc=1"><img src="https://m.media-amazon.com/images/I/41Hnigm4E8L._SL500_.jpg" alt="Product Image"></a><p>Meguiar's M6732 Marine/RV One Step Compound, Remove Oxidation, Stains, Scratches, and Water Spots, Restore The Color and Shine of Fiberglass Gel Coat Finishes, 32 Oz Bottle</p><p> -10% 0FF </p><p>$19.62 ($0.61 / Fl Oz)</p><a href="https://www.amazon.com/dp/B00029CYRG?tag=eloabder-20&linkCode=osi&th=1&psc=1">View Product</a></div><div class="product"><a href="https://www.amazon.com/dp/B0007TR47G?tag=eloabder-20&linkCode=osi&th=1&psc=1"><img src="https://m.media-amazon.com/images/I/41TJAH5y4lL._SL500_.jpg" alt="Product Image"></a><p>Meguiar's M6332 Flagship Premium Marine Wax, Easy to Use Boat Polish and Wax, Remove Scratches, Swirls, and Oxidation While Leaving Lasting Protection, 32 Oz Bottle</p><p> -30% 0FF </p><p>$24.96</p><a href="https://www.amazon.com/dp/B0007TR47G?tag=eloabder-20&linkCode=osi&th=1&psc=1">View Product</a></div><div class="product"><a href="https://www.amazon.com/dp/B001GXDWGO?tag=eloabder-20&linkCode=osi&th=1&psc=1"><img src="https://m.media-amazon.com/images/I/41Gisw5b70L._SL500_.jpg" alt="Product Image"></a><p>Hardline Products Series 350 Factory Matched 3-Inch Boat & PWC Registration Number Kit, Solid Black - BLK350EC</p><p> -6% 0FF </p><p>$12.10</p><a href="https://www.amazon.com/dp/B001GXDWGO?tag=eloabder-20&linkCode=osi&th=1&psc=1">View Product</a></div><div class="product"><a href="https://www.amazon.com/dp/B0000AY4YT?tag=eloabder-20&linkCode=osi&th=1&psc=1"><img src="https://m.media-amazon.com/images/I/51Dl0tlwnQL._SL500_.jpg" alt="Product Image"></a><p>Meguiar's M4965 Marine/RV Fiberglass Restoration System, 3-Piece Marine Fiberglass Repair Kit Featuring Oxidation Remover for Boat Care Plus Boat Polish and Wax</p><p> -35% 0FF </p><p>$34.63</p><a href="https://www.amazon.com/dp/B0000AY4YT?tag=eloabder-20&linkCode=osi&th=1&psc=1">View Product</a></div>

<div class="product"><a href="https://www.amazon.com/dp/B000MT94QA?tag=eloabder-20&linkCode=osi&th=1&psc=1"><img src="https://m.media-amazon.com/images/I/41j+V11HWVL._SL500_.jpg" alt="Product Image"></a><p>Scepter Duramax Flo ’N Go 14 Gallon (53 Liter) Fueling Station, Portable Gas Caddy and Fuel Transfer Pump with 10-Foot Hose for Lawn Mower, Farm, Marine, Commercial, and Home Use, Gasoline Only, Red</p><p> -8% 0FF </p><p>$141.99</p><a href="https://www.amazon.com/dp/B000MT94QA?tag=eloabder-20&linkCode=osi&th=1&psc=1">View Product</a></div><div class="product"><a href="https://www.amazon.com/dp/B001HVJKSY?tag=eloabder-20&linkCode=osi&th=1&psc=1"><img src="https://m.media-amazon.com/images/I/41yrThZv51L._SL500_.jpg" alt="Product Image"></a><p>RDS MFG INC 72771 Fuel Tank</p><p> -9% 0FF </p><p>$758.78</p><a href="https://www.amazon.com/dp/B001HVJKSY?tag=eloabder-20&linkCode=osi&th=1&psc=1">View Product</a></div>



<div class="product"><a href="https://www.amazon.com/dp/B098WVKF19?tag=eloabder-20&linkCode=osi&th=1&psc=1"><img src="https://m.media-amazon.com/images/I/41IK3vBCYyL._SL500_.jpg" alt="Product Image"></a><p>REDTIGER Dash Cam Front Rear, 4K/2.5K Full HD Dash Camera for Cars, Included 32GB Card, Built-in Wi-Fi GPS, APP Control, 3.18" IPS Screen, Night Vision, Wide Angle, WDR, 24H Parking Mode(F7NP)</p><p> -55% 0FF </p><p>$89.99</p><a href="https://www.amazon.com/dp/B098WVKF19?tag=eloabder-20&linkCode=osi&th=1&psc=1">View Product</a></div><div class="product"><a href="https://www.amazon.com/dp/B0D6J5B98H?tag=eloabder-20&linkCode=osi&th=1&psc=1"><img src="https://m.media-amazon.com/images/I/51SmyQooLuL._SL500_.jpg" alt="Product Image"></a><p>ROVE R2-4K DUAL Dash Cam Front and Rear, STARVIS 2 Sensor, FREE 128GB Card Included, 5G WiFi - up to 20MB/s Fastest Download Speed with App, 4K 2160P/FHD Dash Camera for Cars, 3" IPS, 24H Parking Mode</p><p> -35% 0FF </p><p>$129.99</p><a href="https://www.amazon.com/dp/B0D6J5B98H?tag=eloabder-20&linkCode=osi&th=1&psc=1">View Product</a></div><div class="product"><a href="https://www.amazon.com/dp/B0CKXMKRCS?tag=eloabder-20&linkCode=osi&th=1&psc=1"><img src="https://m.media-amazon.com/images/I/51V46zR7lIL._SL500_.jpg" alt="Product Image"></a><p>Dash Cam WiFi 2K, Car Camera with APP, Front Dash Camera for Cars, Mini Dashcams with WDR Night Vision, 24 Hours Parking Monitor, Loop Recording, G-Sensor</p><p> -33% 0FF </p><p>$39.98</p><a href="https://www.amazon.com/dp/B0CKXMKRCS?tag=eloabder-20&linkCode=osi&th=1&psc=1">View Product</a></div><div class="product"><a href="https://www.amazon.com/dp/B0C2Y6WXJ7?tag=eloabder-20&linkCode=osi&th=1&psc=1"><img src="https://m.media-amazon.com/images/I/51osSkFBZDL._SL500_.jpg" alt="Product Image"></a><p>Dash Cam Front and Rear, 1080P Dash Camera for Cars, 3 Channel Car Camera Front Rear and Inside with 32GB Card, Loop Recording, Night Vision, HDR, G-Sensor, 24Hr Parking</p><p> -14% 0FF </p><p>$59.99</p><a href="https://www.amazon.com/dp/B0C2Y6WXJ7?tag=eloabder-20&linkCode=osi&th=1&psc=1">View Product</a></div><div class="product"><a href="https://www.amazon.com/dp/B0C6YBHKJ5?tag=eloabder-20&linkCode=osi&th=1&psc=1"><img src="https://m.media-amazon.com/images/I/51ktc2240CL._SL500_.jpg" alt="Product Image"></a><p>REDTIGER 4K Dash Cam Front and Rear, STARVIS 2 Sensor, Touch Screen 3.18", 128GB Card Included, Voice Control, 5.8GHz WiFi Car Dash Camera, GPS, Night Vision, Emergency Lock, Parking Mode (F7N Touch)</p><p> -25% 0FF </p><p>$149.99</p><a href="https://www.amazon.com/dp/B0C6YBHKJ5?tag=eloabder-20&linkCode=osi&th=1&psc=1">View Product</a></div><div class="product"><a href="https://www.amazon.com/dp/B0BKF6XQVY?tag=eloabder-20&linkCode=osi&th=1&psc=1"><img src="https://m.media-amazon.com/images/I/41kQ6r03ocL._SL500_.jpg" alt="Product Image"></a><p>ARIFAYZ Dash Cam Front and Rear 4K+1080P, Free 64GB Card, Built-in WiFi, Dash Camera for Cars, Car Camera, Dual Dashcams for Cars with Night Vision, 24 Hours Parking Monitor, Loop Recording</p><p> -10% 0FF </p><p>$89.99</p><a href="https://www.amazon.com/dp/B0BKF6XQVY?tag=eloabder-20&linkCode=osi&th=1&psc=1">View Product</a></div>
<div class="product"><a href="https://www.amazon.com/dp/B07LF7YBNF?tag=eloabder-20&linkCode=osi&th=1&psc=1"><img src="https://m.media-amazon.com/images/I/514tDraUiKL._SL500_.jpg" alt="Product Image"></a><p>BANVIE Car Alarm System, Security Antitheft Alarm Systems with Keyless Entry, with Microwave Sensor & Shock Sensor</p><p> -11% 0FF </p><p>$32.99</p><a href="https://www.amazon.com/dp/B07LF7YBNF?tag=eloabder-20&linkCode=osi&th=1&psc=1">View Product</a></div>
<div class="product"><a href="https://www.amazon.com/dp/B07FT6R38V?tag=eloabder-20&linkCode=osi&th=1&psc=1"><img src="https://m.media-amazon.com/images/I/51PS4hJmevL._SL500_.jpg" alt="Product Image"></a><p>LIANXIN Roadside Assistance Emergency Kit - Car Emergency Kit with Jumper Cables (Upgraded) Emergency Roadside Kit for Car 142 Pieces Car Safety Kits,Tow Strap,Tool Kit,Reflective Warning Triangle</p><p> -5% 0FF </p><p>$39.99</p><a href="https://www.amazon.com/dp/B07FT6R38V?tag=eloabder-20&linkCode=osi&th=1&psc=1">View Product</a></div><div class="product"><a href="https://www.amazon.com/dp/B07BR7Q4RG?tag=eloabder-20&linkCode=osi&th=1&psc=1"><img src="https://m.media-amazon.com/images/I/51wT7DxPZ-L._SL500_.jpg" alt="Product Image"></a><p>STDY Car Roadside Emergency Kit, Vehicle Truck Safety Road Side Assistance Kits Auto Accessory, with Jumper Cables, First Aid Kit, Tow Rope, Reflective Triangle, Tire Pressure Gauge, etc</p><p> -36% 0FF </p><p>$34.99</p><a href="https://www.amazon.com/dp/B07BR7Q4RG?tag=eloabder-20&linkCode=osi&th=1&psc=1">View Product</a></div><div class="product"><a href="https://www.amazon.com/dp/B08RS888RH?tag=eloabder-20&linkCode=osi&th=1&psc=1"><img src="https://m.media-amazon.com/images/I/511WieELkPL._SL500_.jpg" alt="Product Image"></a><p>Vetoos Car Roadside Emergency Kit with Jumper Cables, Auto Vehicle Safety Road Side Assistance Kits, Winter Car Kit Essentials for Women and Men, with Car Repair Tool Set, Folding Survival Shovel</p><p> -33% 0FF </p><p>$39.99</p><a href="https://www.amazon.com/dp/B08RS888RH?tag=eloabder-20&linkCode=osi&th=1&psc=1">View Product</a></div><div class="product"><a href="https://www.amazon.com/dp/B086ZZ145D?tag=eloabder-20&linkCode=osi&th=1&psc=1"><img src="https://m.media-amazon.com/images/I/517daXfVHHL._SL500_.jpg" alt="Product Image"></a><p>Vetoos Roadside Emergency Car Kit with Jumper Cables, Auto Vehicle Safety Road Side Assistance Kit Essentials, Winter Car Kit for Women and Men, with Mini Car Tool Set, Dial Tire Pressure Gauge</p><p> -30% 0FF </p><p>$34.99</p><a href="https://www.amazon.com/dp/B086ZZ145D?tag=eloabder-20&linkCode=osi&th=1&psc=1">View Product</a></div><div class="product"><a href="https://www.amazon.com/dp/B09QXJF7C5?tag=eloabder-20&linkCode=osi&th=1&psc=1"><img src="https://m.media-amazon.com/images/I/51Mvi43rtIL._SL500_.jpg" alt="Product Image"></a><p>WETBAS Car Roadside Emergency Kit, Auto Vehicle Safety Emergency Road Side Assistance Kits Essentials, Solenoid Starter Repair Kit with Jumper Cables, Safety Hammer, Reflective Warning Triangle</p><p> -36% 0FF </p><p>$34.98</p><a href="https://www.amazon.com/dp/B09QXJF7C5?tag=eloabder-20&linkCode=osi&th=1&psc=1">View Product</a></div>


<div class="product"><a href="https://www.amazon.com/dp/B004HCS4NW?tag=eloabder-20&linkCode=osi&th=1&psc=1"><img src="https://m.media-amazon.com/images/I/41j5b6xRqNL._SL500_.jpg" alt="Product Image"></a><p>Meguiar's G2016 Convertible Top Cleaner, 16 Fluid Ounces, Units per Each</p><p> -31% 0FF </p><p>$8.28 ($0.52 / Fl Oz)</p><a href="https://www.amazon.com/dp/B004HCS4NW?tag=eloabder-20&linkCode=osi&th=1&psc=1">View Product</a></div><div class="product"><a href="https://www.amazon.com/dp/B0BS42VY2N?tag=eloabder-20&linkCode=osi&th=1&psc=1"><img src="https://m.media-amazon.com/images/I/4179SVWrunL._SL500_.jpg" alt="Product Image"></a><p>A-Premium Black Convertible Soft Top Compatible with Ford Mustang 2005-2014, Convertible, with Glass Window</p><p> -12% 0FF </p><p>$309.99</p><a href="https://www.amazon.com/dp/B0BS42VY2N?tag=eloabder-20&linkCode=osi&th=1&psc=1">View Product</a></div>
<div class="product"><a href="https://www.amazon.com/dp/B00029CYRG?tag=eloabder-20&linkCode=osi&th=1&psc=1"><img src="https://m.media-amazon.com/images/I/41Hnigm4E8L._SL500_.jpg" alt="Product Image"></a><p>Meguiar's M6732 Marine/RV One Step Compound, Remove Oxidation, Stains, Scratches, and Water Spots, Restore The Color and Shine of Fiberglass Gel Coat Finishes, 32 Oz Bottle</p><p> -10% 0FF </p><p>$19.62 ($0.61 / Fl Oz)</p><a href="https://www.amazon.com/dp/B00029CYRG?tag=eloabder-20&linkCode=osi&th=1&psc=1">View Product</a></div><div class="product"><a href="https://www.amazon.com/dp/B0007TR47G?tag=eloabder-20&linkCode=osi&th=1&psc=1"><img src="https://m.media-amazon.com/images/I/41TJAH5y4lL._SL500_.jpg" alt="Product Image"></a><p>Meguiar's M6332 Flagship Premium Marine Wax, Easy to Use Boat Polish and Wax, Remove Scratches, Swirls, and Oxidation While Leaving Lasting Protection, 32 Oz Bottle</p><p> -30% 0FF </p><p>$24.96</p><a href="https://www.amazon.com/dp/B0007TR47G?tag=eloabder-20&linkCode=osi&th=1&psc=1">View Product</a></div><div class="product"><a href="https://www.amazon.com/dp/B001GXDWGO?tag=eloabder-20&linkCode=osi&th=1&psc=1"><img src="https://m.media-amazon.com/images/I/41Gisw5b70L._SL500_.jpg" alt="Product Image"></a><p>Hardline Products Series 350 Factory Matched 3-Inch Boat & PWC Registration Number Kit, Solid Black - BLK350EC</p><p> -6% 0FF </p><p>$12.10</p><a href="https://www.amazon.com/dp/B001GXDWGO?tag=eloabder-20&linkCode=osi&th=1&psc=1">View Product</a></div><div class="product"><a href="https://www.amazon.com/dp/B0000AY4YT?tag=eloabder-20&linkCode=osi&th=1&psc=1"><img src="https://m.media-amazon.com/images/I/51Dl0tlwnQL._SL500_.jpg" alt="Product Image"></a><p>Meguiar's M4965 Marine/RV Fiberglass Restoration System, 3-Piece Marine Fiberglass Repair Kit Featuring Oxidation Remover for Boat Care Plus Boat Polish and Wax</p><p> -35% 0FF </p><p>$34.63</p><a href="https://www.amazon.com/dp/B0000AY4YT?tag=eloabder-20&linkCode=osi&th=1&psc=1">View Product</a></div>

<div class="product"><a href="https://www.amazon.com/dp/B000MT94QA?tag=eloabder-20&linkCode=osi&th=1&psc=1"><img src="https://m.media-amazon.com/images/I/41j+V11HWVL._SL500_.jpg" alt="Product Image"></a><p>Scepter Duramax Flo ’N Go 14 Gallon (53 Liter) Fueling Station, Portable Gas Caddy and Fuel Transfer Pump with 10-Foot Hose for Lawn Mower, Farm, Marine, Commercial, and Home Use, Gasoline Only, Red</p><p> -8% 0FF </p><p>$141.99</p><a href="https://www.amazon.com/dp/B000MT94QA?tag=eloabder-20&linkCode=osi&th=1&psc=1">View Product</a></div><div class="product"><a href="https://www.amazon.com/dp/B001HVJKSY?tag=eloabder-20&linkCode=osi&th=1&psc=1"><img src="https://m.media-amazon.com/images/I/41yrThZv51L._SL500_.jpg" alt="Product Image"></a><p>RDS MFG INC 72771 Fuel Tank</p><p> -9% 0FF </p><p>$758.78</p><a href="https://www.amazon.com/dp/B001HVJKSY?tag=eloabder-20&linkCode=osi&th=1&psc=1">View Product</a></div>



<div class="product"><a href="https://www.amazon.com/dp/B098WVKF19?tag=eloabder-20&linkCode=osi&th=1&psc=1"><img src="https://m.media-amazon.com/images/I/41IK3vBCYyL._SL500_.jpg" alt="Product Image"></a><p>REDTIGER Dash Cam Front Rear, 4K/2.5K Full HD Dash Camera for Cars, Included 32GB Card, Built-in Wi-Fi GPS, APP Control, 3.18" IPS Screen, Night Vision, Wide Angle, WDR, 24H Parking Mode(F7NP)</p><p> -55% 0FF </p><p>$89.99</p><a href="https://www.amazon.com/dp/B098WVKF19?tag=eloabder-20&linkCode=osi&th=1&psc=1">View Product</a></div><div class="product"><a href="https://www.amazon.com/dp/B0D6J5B98H?tag=eloabder-20&linkCode=osi&th=1&psc=1"><img src="https://m.media-amazon.com/images/I/51SmyQooLuL._SL500_.jpg" alt="Product Image"></a><p>ROVE R2-4K DUAL Dash Cam Front and Rear, STARVIS 2 Sensor, FREE 128GB Card Included, 5G WiFi - up to 20MB/s Fastest Download Speed with App, 4K 2160P/FHD Dash Camera for Cars, 3" IPS, 24H Parking Mode</p><p> -35% 0FF </p><p>$129.99</p><a href="https://www.amazon.com/dp/B0D6J5B98H?tag=eloabder-20&linkCode=osi&th=1&psc=1">View Product</a></div><div class="product"><a href="https://www.amazon.com/dp/B0CKXMKRCS?tag=eloabder-20&linkCode=osi&th=1&psc=1"><img src="https://m.media-amazon.com/images/I/51V46zR7lIL._SL500_.jpg" alt="Product Image"></a><p>Dash Cam WiFi 2K, Car Camera with APP, Front Dash Camera for Cars, Mini Dashcams with WDR Night Vision, 24 Hours Parking Monitor, Loop Recording, G-Sensor</p><p> -33% 0FF </p><p>$39.98</p><a href="https://www.amazon.com/dp/B0CKXMKRCS?tag=eloabder-20&linkCode=osi&th=1&psc=1">View Product</a></div><div class="product"><a href="https://www.amazon.com/dp/B0C2Y6WXJ7?tag=eloabder-20&linkCode=osi&th=1&psc=1"><img src="https://m.media-amazon.com/images/I/51osSkFBZDL._SL500_.jpg" alt="Product Image"></a><p>Dash Cam Front and Rear, 1080P Dash Camera for Cars, 3 Channel Car Camera Front Rear and Inside with 32GB Card, Loop Recording, Night Vision, HDR, G-Sensor, 24Hr Parking</p><p> -14% 0FF </p><p>$59.99</p><a href="https://www.amazon.com/dp/B0C2Y6WXJ7?tag=eloabder-20&linkCode=osi&th=1&psc=1">View Product</a></div><div class="product"><a href="https://www.amazon.com/dp/B0C6YBHKJ5?tag=eloabder-20&linkCode=osi&th=1&psc=1"><img src="https://m.media-amazon.com/images/I/51ktc2240CL._SL500_.jpg" alt="Product Image"></a><p>REDTIGER 4K Dash Cam Front and Rear, STARVIS 2 Sensor, Touch Screen 3.18", 128GB Card Included, Voice Control, 5.8GHz WiFi Car Dash Camera, GPS, Night Vision, Emergency Lock, Parking Mode (F7N Touch)</p><p> -25% 0FF </p><p>$149.99</p><a href="https://www.amazon.com/dp/B0C6YBHKJ5?tag=eloabder-20&linkCode=osi&th=1&psc=1">View Product</a></div><div class="product"><a href="https://www.amazon.com/dp/B0BKF6XQVY?tag=eloabder-20&linkCode=osi&th=1&psc=1"><img src="https://m.media-amazon.com/images/I/41kQ6r03ocL._SL500_.jpg" alt="Product Image"></a><p>ARIFAYZ Dash Cam Front and Rear 4K+1080P, Free 64GB Card, Built-in WiFi, Dash Camera for Cars, Car Camera, Dual Dashcams for Cars with Night Vision, 24 Hours Parking Monitor, Loop Recording</p><p> -10% 0FF </p><p>$89.99</p><a href="https://www.amazon.com/dp/B0BKF6XQVY?tag=eloabder-20&linkCode=osi&th=1&psc=1">View Product</a></div>
<div class="product"><a href="https://www.amazon.com/dp/B07LF7YBNF?tag=eloabder-20&linkCode=osi&th=1&psc=1"><img src="https://m.media-amazon.com/images/I/514tDraUiKL._SL500_.jpg" alt="Product Image"></a><p>BANVIE Car Alarm System, Security Antitheft Alarm Systems with Keyless Entry, with Microwave Sensor & Shock Sensor</p><p> -11% 0FF </p><p>$32.99</p><a href="https://www.amazon.com/dp/B07LF7YBNF?tag=eloabder-20&linkCode=osi&th=1&psc=1">View Product</a></div>
<div class="product"><a href="https://www.amazon.com/dp/B07FT6R38V?tag=eloabder-20&linkCode=osi&th=1&psc=1"><img src="https://m.media-amazon.com/images/I/51PS4hJmevL._SL500_.jpg" alt="Product Image"></a><p>LIANXIN Roadside Assistance Emergency Kit - Car Emergency Kit with Jumper Cables (Upgraded) Emergency Roadside Kit for Car 142 Pieces Car Safety Kits,Tow Strap,Tool Kit,Reflective Warning Triangle</p><p> -5% 0FF </p><p>$39.99</p><a href="https://www.amazon.com/dp/B07FT6R38V?tag=eloabder-20&linkCode=osi&th=1&psc=1">View Product</a></div><div class="product"><a href="https://www.amazon.com/dp/B07BR7Q4RG?tag=eloabder-20&linkCode=osi&th=1&psc=1"><img src="https://m.media-amazon.com/images/I/51wT7DxPZ-L._SL500_.jpg" alt="Product Image"></a><p>STDY Car Roadside Emergency Kit, Vehicle Truck Safety Road Side Assistance Kits Auto Accessory, with Jumper Cables, First Aid Kit, Tow Rope, Reflective Triangle, Tire Pressure Gauge, etc</p><p> -36% 0FF </p><p>$34.99</p><a href="https://www.amazon.com/dp/B07BR7Q4RG?tag=eloabder-20&linkCode=osi&th=1&psc=1">View Product</a></div><div class="product"><a href="https://www.amazon.com/dp/B08RS888RH?tag=eloabder-20&linkCode=osi&th=1&psc=1"><img src="https://m.media-amazon.com/images/I/511WieELkPL._SL500_.jpg" alt="Product Image"></a><p>Vetoos Car Roadside Emergency Kit with Jumper Cables, Auto Vehicle Safety Road Side Assistance Kits, Winter Car Kit Essentials for Women and Men, with Car Repair Tool Set, Folding Survival Shovel</p><p> -33% 0FF </p><p>$39.99</p><a href="https://www.amazon.com/dp/B08RS888RH?tag=eloabder-20&linkCode=osi&th=1&psc=1">View Product</a></div><div class="product"><a href="https://www.amazon.com/dp/B086ZZ145D?tag=eloabder-20&linkCode=osi&th=1&psc=1"><img src="https://m.media-amazon.com/images/I/517daXfVHHL._SL500_.jpg" alt="Product Image"></a><p>Vetoos Roadside Emergency Car Kit with Jumper Cables, Auto Vehicle Safety Road Side Assistance Kit Essentials, Winter Car Kit for Women and Men, with Mini Car Tool Set, Dial Tire Pressure Gauge</p><p> -30% 0FF </p><p>$34.99</p><a href="https://www.amazon.com/dp/B086ZZ145D?tag=eloabder-20&linkCode=osi&th=1&psc=1">View Product</a></div><div class="product"><a href="https://www.amazon.com/dp/B09QXJF7C5?tag=eloabder-20&linkCode=osi&th=1&psc=1"><img src="https://m.media-amazon.com/images/I/51Mvi43rtIL._SL500_.jpg" alt="Product Image"></a><p>WETBAS Car Roadside Emergency Kit, Auto Vehicle Safety Emergency Road Side Assistance Kits Essentials, Solenoid Starter Repair Kit with Jumper Cables, Safety Hammer, Reflective Warning Triangle</p><p> -36% 0FF </p><p>$34.98</p><a href="https://www.amazon.com/dp/B09QXJF7C5?tag=eloabder-20&linkCode=osi&th=1&psc=1">View Product</a></div>

<div class="product"><a href="https://www.amazon.com/dp/B0DH1TN5BW?tag=eloabder-20&linkCode=osi&th=1&psc=1"><img src="https://m.media-amazon.com/images/I/411obZQLkyL._SL500_.jpg" alt="Product Image"></a><p>Miroddi Keychain with Smart Tracker, Men's Keychain Works with Find My App, Heavy Duty Car Key Chains with Bottle Opener Fob Carabiner, Key Finder GPS Tracker, Rechargeable, Gunmetal</p><p> -10% 0FF </p><p>$29.69</p><a href="https://www.amazon.com/dp/B0DH1TN5BW?tag=eloabder-20&linkCode=osi&th=1&psc=1">View Product</a></div><div class="product"><a href="https://www.amazon.com/dp/B09XM96H87?tag=eloabder-20&linkCode=osi&th=1&psc=1"><img src="https://m.media-amazon.com/images/I/41Fo2NZJx5L._SL500_.jpg" alt="Product Image"></a><p>SinoTrack Digital GPS Speedometer Universal Heads Up Display for Car 5.5 inch Large LCD Display HUD with MPH Speed Fatigued Driving Alert Overspeed Alarm Trip Meter for All Vehicle</p><p> -9% 0FF </p><p>$29.98</p><a href="https://www.amazon.com/dp/B09XM96H87?tag=eloabder-20&linkCode=osi&th=1&psc=1">View Product</a></div><div class="product"><a href="https://www.amazon.com/dp/B0DLBDTFL7?tag=eloabder-20&linkCode=osi&th=1&psc=1"><img src="https://m.media-amazon.com/images/I/41NGzpkL0sL._SL500_.jpg" alt="Product Image"></a><p>GPS Navigator for Car Truck RV, Latest 2025 Map, 7 inch Touch Screen Real Voice Spoken Turn-by-Turn Direction Reminding Navigation System for Cars, Vehicle GPS with Speed and Red Light Warning (Blue)</p><p> -19% 0FF </p><p>$56.99</p><a href="https://www.amazon.com/dp/B0DLBDTFL7?tag=eloabder-20&linkCode=osi&th=1&psc=1">View Product</a></div><div class="product"><a href="https://www.amazon.com/dp/B0B5M53F92?tag=eloabder-20&linkCode=osi&th=1&psc=1"><img src="https://m.media-amazon.com/images/I/41jXjmrwkOL._SL500_.jpg" alt="Product Image"></a><p>Premium GPS Tracking Sticker for car, Bike, Motorcycle Anti-Theft Stickers This Vehicle Protected by Warning Tracker Sticker Decal Self Adhesive Sign 4" x 2" Vinyl — UV Resistent (Pack of 2)</p><p> -15% 0FF </p><p>$4.99 ($2.50 / Count)</p><a href="https://www.amazon.com/dp/B0B5M53F92?tag=eloabder-20&linkCode=osi&th=1&psc=1">View Product</a></div>

<div class="product"><a href="https://www.amazon.com/dp/B004HCS4NW?tag=eloabder-20&linkCode=osi&th=1&psc=1"><img src="https://m.media-amazon.com/images/I/41j5b6xRqNL._SL500_.jpg" alt="Product Image"></a><p>Meguiar's G2016 Convertible Top Cleaner, 16 Fluid Ounces, Units per Each</p><p> -31% 0FF </p><p>$8.28 ($0.52 / Fl Oz)</p><a href="https://www.amazon.com/dp/B004HCS4NW?tag=eloabder-20&linkCode=osi&th=1&psc=1">View Product</a></div><div class="product"><a href="https://www.amazon.com/dp/B0BS42VY2N?tag=eloabder-20&linkCode=osi&th=1&psc=1"><img src="https://m.media-amazon.com/images/I/4179SVWrunL._SL500_.jpg" alt="Product Image"></a><p>A-Premium Black Convertible Soft Top Compatible with Ford Mustang 2005-2014, Convertible, with Glass Window</p><p> -12% 0FF </p><p>$309.99</p><a href="https://www.amazon.com/dp/B0BS42VY2N?tag=eloabder-20&linkCode=osi&th=1&psc=1">View Product</a></div>
<div class="product"><a href="https://www.amazon.com/dp/B00029CYRG?tag=eloabder-20&linkCode=osi&th=1&psc=1"><img src="https://m.media-amazon.com/images/I/41Hnigm4E8L._SL500_.jpg" alt="Product Image"></a><p>Meguiar's M6732 Marine/RV One Step Compound, Remove Oxidation, Stains, Scratches, and Water Spots, Restore The Color and Shine of Fiberglass Gel Coat Finishes, 32 Oz Bottle</p><p> -10% 0FF </p><p>$19.62 ($0.61 / Fl Oz)</p><a href="https://www.amazon.com/dp/B00029CYRG?tag=eloabder-20&linkCode=osi&th=1&psc=1">View Product</a></div><div class="product"><a href="https://www.amazon.com/dp/B0007TR47G?tag=eloabder-20&linkCode=osi&th=1&psc=1"><img src="https://m.media-amazon.com/images/I/41TJAH5y4lL._SL500_.jpg" alt="Product Image"></a><p>Meguiar's M6332 Flagship Premium Marine Wax, Easy to Use Boat Polish and Wax, Remove Scratches, Swirls, and Oxidation While Leaving Lasting Protection, 32 Oz Bottle</p><p> -30% 0FF </p><p>$24.96</p><a href="https://www.amazon.com/dp/B0007TR47G?tag=eloabder-20&linkCode=osi&th=1&psc=1">View Product</a></div><div class="product"><a href="https://www.amazon.com/dp/B001GXDWGO?tag=eloabder-20&linkCode=osi&th=1&psc=1"><img src="https://m.media-amazon.com/images/I/41Gisw5b70L._SL500_.jpg" alt="Product Image"></a><p>Hardline Products Series 350 Factory Matched 3-Inch Boat & PWC Registration Number Kit, Solid Black - BLK350EC</p><p> -6% 0FF </p><p>$12.10</p><a href="https://www.amazon.com/dp/B001GXDWGO?tag=eloabder-20&linkCode=osi&th=1&psc=1">View Product</a></div><div class="product"><a href="https://www.amazon.com/dp/B0000AY4YT?tag=eloabder-20&linkCode=osi&th=1&psc=1"><img src="https://m.media-amazon.com/images/I/51Dl0tlwnQL._SL500_.jpg" alt="Product Image"></a><p>Meguiar's M4965 Marine/RV Fiberglass Restoration System, 3-Piece Marine Fiberglass Repair Kit Featuring Oxidation Remover for Boat Care Plus Boat Polish and Wax</p><p> -35% 0FF </p><p>$34.63</p><a href="https://www.amazon.com/dp/B0000AY4YT?tag=eloabder-20&linkCode=osi&th=1&psc=1">View Product</a></div>

<div class="product"><a href="https://www.amazon.com/dp/B000MT94QA?tag=eloabder-20&linkCode=osi&th=1&psc=1"><img src="https://m.media-amazon.com/images/I/41j+V11HWVL._SL500_.jpg" alt="Product Image"></a><p>Scepter Duramax Flo ’N Go 14 Gallon (53 Liter) Fueling Station, Portable Gas Caddy and Fuel Transfer Pump with 10-Foot Hose for Lawn Mower, Farm, Marine, Commercial, and Home Use, Gasoline Only, Red</p><p> -8% 0FF </p><p>$141.99</p><a href="https://www.amazon.com/dp/B000MT94QA?tag=eloabder-20&linkCode=osi&th=1&psc=1">View Product</a></div><div class="product"><a href="https://www.amazon.com/dp/B001HVJKSY?tag=eloabder-20&linkCode=osi&th=1&psc=1"><img src="https://m.media-amazon.com/images/I/41yrThZv51L._SL500_.jpg" alt="Product Image"></a><p>RDS MFG INC 72771 Fuel Tank</p><p> -9% 0FF </p><p>$758.78</p><a href="https://www.amazon.com/dp/B001HVJKSY?tag=eloabder-20&linkCode=osi&th=1&psc=1">View Product</a></div>



<div class="product"><a href="https://www.amazon.com/dp/B098WVKF19?tag=eloabder-20&linkCode=osi&th=1&psc=1"><img src="https://m.media-amazon.com/images/I/41IK3vBCYyL._SL500_.jpg" alt="Product Image"></a><p>REDTIGER Dash Cam Front Rear, 4K/2.5K Full HD Dash Camera for Cars, Included 32GB Card, Built-in Wi-Fi GPS, APP Control, 3.18" IPS Screen, Night Vision, Wide Angle, WDR, 24H Parking Mode(F7NP)</p><p> -55% 0FF </p><p>$89.99</p><a href="https://www.amazon.com/dp/B098WVKF19?tag=eloabder-20&linkCode=osi&th=1&psc=1">View Product</a></div><div class="product"><a href="https://www.amazon.com/dp/B0D6J5B98H?tag=eloabder-20&linkCode=osi&th=1&psc=1"><img src="https://m.media-amazon.com/images/I/51SmyQooLuL._SL500_.jpg" alt="Product Image"></a><p>ROVE R2-4K DUAL Dash Cam Front and Rear, STARVIS 2 Sensor, FREE 128GB Card Included, 5G WiFi - up to 20MB/s Fastest Download Speed with App, 4K 2160P/FHD Dash Camera for Cars, 3" IPS, 24H Parking Mode</p><p> -35% 0FF </p><p>$129.99</p><a href="https://www.amazon.com/dp/B0D6J5B98H?tag=eloabder-20&linkCode=osi&th=1&psc=1">View Product</a></div><div class="product"><a href="https://www.amazon.com/dp/B0CKXMKRCS?tag=eloabder-20&linkCode=osi&th=1&psc=1"><img src="https://m.media-amazon.com/images/I/51V46zR7lIL._SL500_.jpg" alt="Product Image"></a><p>Dash Cam WiFi 2K, Car Camera with APP, Front Dash Camera for Cars, Mini Dashcams with WDR Night Vision, 24 Hours Parking Monitor, Loop Recording, G-Sensor</p><p> -33% 0FF </p><p>$39.98</p><a href="https://www.amazon.com/dp/B0CKXMKRCS?tag=eloabder-20&linkCode=osi&th=1&psc=1">View Product</a></div><div class="product"><a href="https://www.amazon.com/dp/B0C2Y6WXJ7?tag=eloabder-20&linkCode=osi&th=1&psc=1"><img src="https://m.media-amazon.com/images/I/51osSkFBZDL._SL500_.jpg" alt="Product Image"></a><p>Dash Cam Front and Rear, 1080P Dash Camera for Cars, 3 Channel Car Camera Front Rear and Inside with 32GB Card, Loop Recording, Night Vision, HDR, G-Sensor, 24Hr Parking</p><p> -14% 0FF </p><p>$59.99</p><a href="https://www.amazon.com/dp/B0C2Y6WXJ7?tag=eloabder-20&linkCode=osi&th=1&psc=1">View Product</a></div><div class="product"><a href="https://www.amazon.com/dp/B0C6YBHKJ5?tag=eloabder-20&linkCode=osi&th=1&psc=1"><img src="https://m.media-amazon.com/images/I/51ktc2240CL._SL500_.jpg" alt="Product Image"></a><p>REDTIGER 4K Dash Cam Front and Rear, STARVIS 2 Sensor, Touch Screen 3.18", 128GB Card Included, Voice Control, 5.8GHz WiFi Car Dash Camera, GPS, Night Vision, Emergency Lock, Parking Mode (F7N Touch)</p><p> -25% 0FF </p><p>$149.99</p><a href="https://www.amazon.com/dp/B0C6YBHKJ5?tag=eloabder-20&linkCode=osi&th=1&psc=1">View Product</a></div><div class="product"><a href="https://www.amazon.com/dp/B0BKF6XQVY?tag=eloabder-20&linkCode=osi&th=1&psc=1"><img src="https://m.media-amazon.com/images/I/41kQ6r03ocL._SL500_.jpg" alt="Product Image"></a><p>ARIFAYZ Dash Cam Front and Rear 4K+1080P, Free 64GB Card, Built-in WiFi, Dash Camera for Cars, Car Camera, Dual Dashcams for Cars with Night Vision, 24 Hours Parking Monitor, Loop Recording</p><p> -10% 0FF </p><p>$89.99</p><a href="https://www.amazon.com/dp/B0BKF6XQVY?tag=eloabder-20&linkCode=osi&th=1&psc=1">View Product</a></div>
<div class="product"><a href="https://www.amazon.com/dp/B07LF7YBNF?tag=eloabder-20&linkCode=osi&th=1&psc=1"><img src="https://m.media-amazon.com/images/I/514tDraUiKL._SL500_.jpg" alt="Product Image"></a><p>BANVIE Car Alarm System, Security Antitheft Alarm Systems with Keyless Entry, with Microwave Sensor & Shock Sensor</p><p> -11% 0FF </p><p>$32.99</p><a href="https://www.amazon.com/dp/B07LF7YBNF?tag=eloabder-20&linkCode=osi&th=1&psc=1">View Product</a></div>
<div class="product"><a href="https://www.amazon.com/dp/B07FT6R38V?tag=eloabder-20&linkCode=osi&th=1&psc=1"><img src="https://m.media-amazon.com/images/I/51PS4hJmevL._SL500_.jpg" alt="Product Image"></a><p>LIANXIN Roadside Assistance Emergency Kit - Car Emergency Kit with Jumper Cables (Upgraded) Emergency Roadside Kit for Car 142 Pieces Car Safety Kits,Tow Strap,Tool Kit,Reflective Warning Triangle</p><p> -5% 0FF </p><p>$39.99</p><a href="https://www.amazon.com/dp/B07FT6R38V?tag=eloabder-20&linkCode=osi&th=1&psc=1">View Product</a></div><div class="product"><a href="https://www.amazon.com/dp/B07BR7Q4RG?tag=eloabder-20&linkCode=osi&th=1&psc=1"><img src="https://m.media-amazon.com/images/I/51wT7DxPZ-L._SL500_.jpg" alt="Product Image"></a><p>STDY Car Roadside Emergency Kit, Vehicle Truck Safety Road Side Assistance Kits Auto Accessory, with Jumper Cables, First Aid Kit, Tow Rope, Reflective Triangle, Tire Pressure Gauge, etc</p><p> -36% 0FF </p><p>$34.99</p><a href="https://www.amazon.com/dp/B07BR7Q4RG?tag=eloabder-20&linkCode=osi&th=1&psc=1">View Product</a></div><div class="product"><a href="https://www.amazon.com/dp/B08RS888RH?tag=eloabder-20&linkCode=osi&th=1&psc=1"><img src="https://m.media-amazon.com/images/I/511WieELkPL._SL500_.jpg" alt="Product Image"></a><p>Vetoos Car Roadside Emergency Kit with Jumper Cables, Auto Vehicle Safety Road Side Assistance Kits, Winter Car Kit Essentials for Women and Men, with Car Repair Tool Set, Folding Survival Shovel</p><p> -33% 0FF </p><p>$39.99</p><a href="https://www.amazon.com/dp/B08RS888RH?tag=eloabder-20&linkCode=osi&th=1&psc=1">View Product</a></div><div class="product"><a href="https://www.amazon.com/dp/B086ZZ145D?tag=eloabder-20&linkCode=osi&th=1&psc=1"><img src="https://m.media-amazon.com/images/I/517daXfVHHL._SL500_.jpg" alt="Product Image"></a><p>Vetoos Roadside Emergency Car Kit with Jumper Cables, Auto Vehicle Safety Road Side Assistance Kit Essentials, Winter Car Kit for Women and Men, with Mini Car Tool Set, Dial Tire Pressure Gauge</p><p> -30% 0FF </p><p>$34.99</p><a href="https://www.amazon.com/dp/B086ZZ145D?tag=eloabder-20&linkCode=osi&th=1&psc=1">View Product</a></div><div class="product"><a href="https://www.amazon.com/dp/B09QXJF7C5?tag=eloabder-20&linkCode=osi&th=1&psc=1"><img src="https://m.media-amazon.com/images/I/51Mvi43rtIL._SL500_.jpg" alt="Product Image"></a><p>WETBAS Car Roadside Emergency Kit, Auto Vehicle Safety Emergency Road Side Assistance Kits Essentials, Solenoid Starter Repair Kit with Jumper Cables, Safety Hammer, Reflective Warning Triangle</p><p> -36% 0FF </p><p>$34.98</p><a href="https://www.amazon.com/dp/B09QXJF7C5?tag=eloabder-20&linkCode=osi&th=1&psc=1">View Product</a></div>

<div class="product"><a href="https://www.amazon.com/dp/B0DH1TN5BW?tag=eloabder-20&linkCode=osi&th=1&psc=1"><img src="https://m.media-amazon.com/images/I/411obZQLkyL._SL500_.jpg" alt="Product Image"></a><p>Miroddi Keychain with Smart Tracker, Men's Keychain Works with Find My App, Heavy Duty Car Key Chains with Bottle Opener Fob Carabiner, Key Finder GPS Tracker, Rechargeable, Gunmetal</p><p> -10% 0FF </p><p>$29.69</p><a href="https://www.amazon.com/dp/B0DH1TN5BW?tag=eloabder-20&linkCode=osi&th=1&psc=1">View Product</a></div><div class="product"><a href="https://www.amazon.com/dp/B09XM96H87?tag=eloabder-20&linkCode=osi&th=1&psc=1"><img src="https://m.media-amazon.com/images/I/41Fo2NZJx5L._SL500_.jpg" alt="Product Image"></a><p>SinoTrack Digital GPS Speedometer Universal Heads Up Display for Car 5.5 inch Large LCD Display HUD with MPH Speed Fatigued Driving Alert Overspeed Alarm Trip Meter for All Vehicle</p><p> -9% 0FF </p><p>$29.98</p><a href="https://www.amazon.com/dp/B09XM96H87?tag=eloabder-20&linkCode=osi&th=1&psc=1">View Product</a></div><div class="product"><a href="https://www.amazon.com/dp/B0DLBDTFL7?tag=eloabder-20&linkCode=osi&th=1&psc=1"><img src="https://m.media-amazon.com/images/I/41NGzpkL0sL._SL500_.jpg" alt="Product Image"></a><p>GPS Navigator for Car Truck RV, Latest 2025 Map, 7 inch Touch Screen Real Voice Spoken Turn-by-Turn Direction Reminding Navigation System for Cars, Vehicle GPS with Speed and Red Light Warning (Blue)</p><p> -19% 0FF </p><p>$56.99</p><a href="https://www.amazon.com/dp/B0DLBDTFL7?tag=eloabder-20&linkCode=osi&th=1&psc=1">View Product</a></div><div class="product"><a href="https://www.amazon.com/dp/B0B5M53F92?tag=eloabder-20&linkCode=osi&th=1&psc=1"><img src="https://m.media-amazon.com/images/I/41jXjmrwkOL._SL500_.jpg" alt="Product Image"></a><p>Premium GPS Tracking Sticker for car, Bike, Motorcycle Anti-Theft Stickers This Vehicle Protected by Warning Tracker Sticker Decal Self Adhesive Sign 4" x 2" Vinyl — UV Resistent (Pack of 2)</p><p> -15% 0FF </p><p>$4.99 ($2.50 / Count)</p><a href="https://www.amazon.com/dp/B0B5M53F92?tag=eloabder-20&linkCode=osi&th=1&psc=1">View Product</a></div>
<div class="product"><a href="https://www.amazon.com/dp/B083GHXFTJ?tag=eloabder-20&linkCode=osi&th=1&psc=1"><img src="https://m.media-amazon.com/images/I/51YLCVtIhJL._SL500_.jpg" alt="Product Image"></a><p>Winzwon Interior Led Lights for Car Accessories for Women Men, Birthday Gifts for Men Him, APP Control with USB Port Music Sync Color Change Lights for Jeep Truck Decor, 12V</p><p> -23% 0FF </p><p>$9.99 ($2.50 / Count)</p><a href="https://www.amazon.com/dp/B083GHXFTJ?tag=eloabder-20&linkCode=osi&th=1&psc=1">View Product</a></div><div class="product"><a href="https://www.amazon.com/dp/B08F9PF2Y5?tag=eloabder-20&linkCode=osi&th=1&psc=1"><img src="https://m.media-amazon.com/images/I/51erdB7xL4L._SL500_.jpg" alt="Product Image"></a><p>Interior Car LED Strip Lights APP Control, 5 in 1 RGB 16 Million Colors Ambient Lighting Kit with 236 inches Fiber Optic, Music Mode Inside Car Lighting Decorations</p><p> -5% 0FF </p><p>$20.88</p><a href="https://www.amazon.com/dp/B08F9PF2Y5?tag=eloabder-20&linkCode=osi&th=1&psc=1">View Product</a></div><div class="product"><a href="https://www.amazon.com/dp/B097CB5WXB?tag=eloabder-20&linkCode=osi&th=1&psc=1"><img src="https://m.media-amazon.com/images/I/51T-wkU4nKL._SL500_.jpg" alt="Product Image"></a><p>Interior Car Lights Keepsmile Car Accessories APP Control with Remote Music Sync Color Change RGB Under Dash Lighting with Charger 12V LED Lights Running Board Lights</p><p> -20% 0FF </p><p>$15.99</p><a href="https://www.amazon.com/dp/B097CB5WXB?tag=eloabder-20&linkCode=osi&th=1&psc=1">View Product</a></div>

<div class="product"><a href="https://www.amazon.com/dp/B004HCS4NW?tag=eloabder-20&linkCode=osi&th=1&psc=1"><img src="https://m.media-amazon.com/images/I/41j5b6xRqNL._SL500_.jpg" alt="Product Image"></a><p>Meguiar's G2016 Convertible Top Cleaner, 16 Fluid Ounces, Units per Each</p><p> -31% 0FF </p><p>$8.28 ($0.52 / Fl Oz)</p><a href="https://www.amazon.com/dp/B004HCS4NW?tag=eloabder-20&linkCode=osi&th=1&psc=1">View Product</a></div><div class="product"><a href="https://www.amazon.com/dp/B0BS42VY2N?tag=eloabder-20&linkCode=osi&th=1&psc=1"><img src="https://m.media-amazon.com/images/I/4179SVWrunL._SL500_.jpg" alt="Product Image"></a><p>A-Premium Black Convertible Soft Top Compatible with Ford Mustang 2005-2014, Convertible, with Glass Window</p><p> -12% 0FF </p><p>$309.99</p><a href="https://www.amazon.com/dp/B0BS42VY2N?tag=eloabder-20&linkCode=osi&th=1&psc=1">View Product</a></div>
<div class="product"><a href="https://www.amazon.com/dp/B00029CYRG?tag=eloabder-20&linkCode=osi&th=1&psc=1"><img src="https://m.media-amazon.com/images/I/41Hnigm4E8L._SL500_.jpg" alt="Product Image"></a><p>Meguiar's M6732 Marine/RV One Step Compound, Remove Oxidation, Stains, Scratches, and Water Spots, Restore The Color and Shine of Fiberglass Gel Coat Finishes, 32 Oz Bottle</p><p> -10% 0FF </p><p>$19.62 ($0.61 / Fl Oz)</p><a href="https://www.amazon.com/dp/B00029CYRG?tag=eloabder-20&linkCode=osi&th=1&psc=1">View Product</a></div><div class="product"><a href="https://www.amazon.com/dp/B0007TR47G?tag=eloabder-20&linkCode=osi&th=1&psc=1"><img src="https://m.media-amazon.com/images/I/41TJAH5y4lL._SL500_.jpg" alt="Product Image"></a><p>Meguiar's M6332 Flagship Premium Marine Wax, Easy to Use Boat Polish and Wax, Remove Scratches, Swirls, and Oxidation While Leaving Lasting Protection, 32 Oz Bottle</p><p> -30% 0FF </p><p>$24.96</p><a href="https://www.amazon.com/dp/B0007TR47G?tag=eloabder-20&linkCode=osi&th=1&psc=1">View Product</a></div><div class="product"><a href="https://www.amazon.com/dp/B001GXDWGO?tag=eloabder-20&linkCode=osi&th=1&psc=1"><img src="https://m.media-amazon.com/images/I/41Gisw5b70L._SL500_.jpg" alt="Product Image"></a><p>Hardline Products Series 350 Factory Matched 3-Inch Boat & PWC Registration Number Kit, Solid Black - BLK350EC</p><p> -6% 0FF </p><p>$12.10</p><a href="https://www.amazon.com/dp/B001GXDWGO?tag=eloabder-20&linkCode=osi&th=1&psc=1">View Product</a></div><div class="product"><a href="https://www.amazon.com/dp/B0000AY4YT?tag=eloabder-20&linkCode=osi&th=1&psc=1"><img src="https://m.media-amazon.com/images/I/51Dl0tlwnQL._SL500_.jpg" alt="Product Image"></a><p>Meguiar's M4965 Marine/RV Fiberglass Restoration System, 3-Piece Marine Fiberglass Repair Kit Featuring Oxidation Remover for Boat Care Plus Boat Polish and Wax</p><p> -35% 0FF </p><p>$34.63</p><a href="https://www.amazon.com/dp/B0000AY4YT?tag=eloabder-20&linkCode=osi&th=1&psc=1">View Product</a></div>

<div class="product"><a href="https://www.amazon.com/dp/B000MT94QA?tag=eloabder-20&linkCode=osi&th=1&psc=1"><img src="https://m.media-amazon.com/images/I/41j+V11HWVL._SL500_.jpg" alt="Product Image"></a><p>Scepter Duramax Flo ’N Go 14 Gallon (53 Liter) Fueling Station, Portable Gas Caddy and Fuel Transfer Pump with 10-Foot Hose for Lawn Mower, Farm, Marine, Commercial, and Home Use, Gasoline Only, Red</p><p> -8% 0FF </p><p>$141.99</p><a href="https://www.amazon.com/dp/B000MT94QA?tag=eloabder-20&linkCode=osi&th=1&psc=1">View Product</a></div><div class="product"><a href="https://www.amazon.com/dp/B001HVJKSY?tag=eloabder-20&linkCode=osi&th=1&psc=1"><img src="https://m.media-amazon.com/images/I/41yrThZv51L._SL500_.jpg" alt="Product Image"></a><p>RDS MFG INC 72771 Fuel Tank</p><p> -9% 0FF </p><p>$758.78</p><a href="https://www.amazon.com/dp/B001HVJKSY?tag=eloabder-20&linkCode=osi&th=1&psc=1">View Product</a></div>



<div class="product"><a href="https://www.amazon.com/dp/B098WVKF19?tag=eloabder-20&linkCode=osi&th=1&psc=1"><img src="https://m.media-amazon.com/images/I/41IK3vBCYyL._SL500_.jpg" alt="Product Image"></a><p>REDTIGER Dash Cam Front Rear, 4K/2.5K Full HD Dash Camera for Cars, Included 32GB Card, Built-in Wi-Fi GPS, APP Control, 3.18" IPS Screen, Night Vision, Wide Angle, WDR, 24H Parking Mode(F7NP)</p><p> -55% 0FF </p><p>$89.99</p><a href="https://www.amazon.com/dp/B098WVKF19?tag=eloabder-20&linkCode=osi&th=1&psc=1">View Product</a></div><div class="product"><a href="https://www.amazon.com/dp/B0D6J5B98H?tag=eloabder-20&linkCode=osi&th=1&psc=1"><img src="https://m.media-amazon.com/images/I/51SmyQooLuL._SL500_.jpg" alt="Product Image"></a><p>ROVE R2-4K DUAL Dash Cam Front and Rear, STARVIS 2 Sensor, FREE 128GB Card Included, 5G WiFi - up to 20MB/s Fastest Download Speed with App, 4K 2160P/FHD Dash Camera for Cars, 3" IPS, 24H Parking Mode</p><p> -35% 0FF </p><p>$129.99</p><a href="https://www.amazon.com/dp/B0D6J5B98H?tag=eloabder-20&linkCode=osi&th=1&psc=1">View Product</a></div><div class="product"><a href="https://www.amazon.com/dp/B0CKXMKRCS?tag=eloabder-20&linkCode=osi&th=1&psc=1"><img src="https://m.media-amazon.com/images/I/51V46zR7lIL._SL500_.jpg" alt="Product Image"></a><p>Dash Cam WiFi 2K, Car Camera with APP, Front Dash Camera for Cars, Mini Dashcams with WDR Night Vision, 24 Hours Parking Monitor, Loop Recording, G-Sensor</p><p> -33% 0FF </p><p>$39.98</p><a href="https://www.amazon.com/dp/B0CKXMKRCS?tag=eloabder-20&linkCode=osi&th=1&psc=1">View Product</a></div><div class="product"><a href="https://www.amazon.com/dp/B0C2Y6WXJ7?tag=eloabder-20&linkCode=osi&th=1&psc=1"><img src="https://m.media-amazon.com/images/I/51osSkFBZDL._SL500_.jpg" alt="Product Image"></a><p>Dash Cam Front and Rear, 1080P Dash Camera for Cars, 3 Channel Car Camera Front Rear and Inside with 32GB Card, Loop Recording, Night Vision, HDR, G-Sensor, 24Hr Parking</p><p> -14% 0FF </p><p>$59.99</p><a href="https://www.amazon.com/dp/B0C2Y6WXJ7?tag=eloabder-20&linkCode=osi&th=1&psc=1">View Product</a></div><div class="product"><a href="https://www.amazon.com/dp/B0C6YBHKJ5?tag=eloabder-20&linkCode=osi&th=1&psc=1"><img src="https://m.media-amazon.com/images/I/51ktc2240CL._SL500_.jpg" alt="Product Image"></a><p>REDTIGER 4K Dash Cam Front and Rear, STARVIS 2 Sensor, Touch Screen 3.18", 128GB Card Included, Voice Control, 5.8GHz WiFi Car Dash Camera, GPS, Night Vision, Emergency Lock, Parking Mode (F7N Touch)</p><p> -25% 0FF </p><p>$149.99</p><a href="https://www.amazon.com/dp/B0C6YBHKJ5?tag=eloabder-20&linkCode=osi&th=1&psc=1">View Product</a></div><div class="product"><a href="https://www.amazon.com/dp/B0BKF6XQVY?tag=eloabder-20&linkCode=osi&th=1&psc=1"><img src="https://m.media-amazon.com/images/I/41kQ6r03ocL._SL500_.jpg" alt="Product Image"></a><p>ARIFAYZ Dash Cam Front and Rear 4K+1080P, Free 64GB Card, Built-in WiFi, Dash Camera for Cars, Car Camera, Dual Dashcams for Cars with Night Vision, 24 Hours Parking Monitor, Loop Recording</p><p> -10% 0FF </p><p>$89.99</p><a href="https://www.amazon.com/dp/B0BKF6XQVY?tag=eloabder-20&linkCode=osi&th=1&psc=1">View Product</a></div>
<div class="product"><a href="https://www.amazon.com/dp/B07LF7YBNF?tag=eloabder-20&linkCode=osi&th=1&psc=1"><img src="https://m.media-amazon.com/images/I/514tDraUiKL._SL500_.jpg" alt="Product Image"></a><p>BANVIE Car Alarm System, Security Antitheft Alarm Systems with Keyless Entry, with Microwave Sensor & Shock Sensor</p><p> -11% 0FF </p><p>$32.99</p><a href="https://www.amazon.com/dp/B07LF7YBNF?tag=eloabder-20&linkCode=osi&th=1&psc=1">View Product</a></div>
<div class="product"><a href="https://www.amazon.com/dp/B07FT6R38V?tag=eloabder-20&linkCode=osi&th=1&psc=1"><img src="https://m.media-amazon.com/images/I/51PS4hJmevL._SL500_.jpg" alt="Product Image"></a><p>LIANXIN Roadside Assistance Emergency Kit - Car Emergency Kit with Jumper Cables (Upgraded) Emergency Roadside Kit for Car 142 Pieces Car Safety Kits,Tow Strap,Tool Kit,Reflective Warning Triangle</p><p> -5% 0FF </p><p>$39.99</p><a href="https://www.amazon.com/dp/B07FT6R38V?tag=eloabder-20&linkCode=osi&th=1&psc=1">View Product</a></div><div class="product"><a href="https://www.amazon.com/dp/B07BR7Q4RG?tag=eloabder-20&linkCode=osi&th=1&psc=1"><img src="https://m.media-amazon.com/images/I/51wT7DxPZ-L._SL500_.jpg" alt="Product Image"></a><p>STDY Car Roadside Emergency Kit, Vehicle Truck Safety Road Side Assistance Kits Auto Accessory, with Jumper Cables, First Aid Kit, Tow Rope, Reflective Triangle, Tire Pressure Gauge, etc</p><p> -36% 0FF </p><p>$34.99</p><a href="https://www.amazon.com/dp/B07BR7Q4RG?tag=eloabder-20&linkCode=osi&th=1&psc=1">View Product</a></div><div class="product"><a href="https://www.amazon.com/dp/B08RS888RH?tag=eloabder-20&linkCode=osi&th=1&psc=1"><img src="https://m.media-amazon.com/images/I/511WieELkPL._SL500_.jpg" alt="Product Image"></a><p>Vetoos Car Roadside Emergency Kit with Jumper Cables, Auto Vehicle Safety Road Side Assistance Kits, Winter Car Kit Essentials for Women and Men, with Car Repair Tool Set, Folding Survival Shovel</p><p> -33% 0FF </p><p>$39.99</p><a href="https://www.amazon.com/dp/B08RS888RH?tag=eloabder-20&linkCode=osi&th=1&psc=1">View Product</a></div><div class="product"><a href="https://www.amazon.com/dp/B086ZZ145D?tag=eloabder-20&linkCode=osi&th=1&psc=1"><img src="https://m.media-amazon.com/images/I/517daXfVHHL._SL500_.jpg" alt="Product Image"></a><p>Vetoos Roadside Emergency Car Kit with Jumper Cables, Auto Vehicle Safety Road Side Assistance Kit Essentials, Winter Car Kit for Women and Men, with Mini Car Tool Set, Dial Tire Pressure Gauge</p><p> -30% 0FF </p><p>$34.99</p><a href="https://www.amazon.com/dp/B086ZZ145D?tag=eloabder-20&linkCode=osi&th=1&psc=1">View Product</a></div><div class="product"><a href="https://www.amazon.com/dp/B09QXJF7C5?tag=eloabder-20&linkCode=osi&th=1&psc=1"><img src="https://m.media-amazon.com/images/I/51Mvi43rtIL._SL500_.jpg" alt="Product Image"></a><p>WETBAS Car Roadside Emergency Kit, Auto Vehicle Safety Emergency Road Side Assistance Kits Essentials, Solenoid Starter Repair Kit with Jumper Cables, Safety Hammer, Reflective Warning Triangle</p><p> -36% 0FF </p><p>$34.98</p><a href="https://www.amazon.com/dp/B09QXJF7C5?tag=eloabder-20&linkCode=osi&th=1&psc=1">View Product</a></div>

<div class="product"><a href="https://www.amazon.com/dp/B0DH1TN5BW?tag=eloabder-20&linkCode=osi&th=1&psc=1"><img src="https://m.media-amazon.com/images/I/411obZQLkyL._SL500_.jpg" alt="Product Image"></a><p>Miroddi Keychain with Smart Tracker, Men's Keychain Works with Find My App, Heavy Duty Car Key Chains with Bottle Opener Fob Carabiner, Key Finder GPS Tracker, Rechargeable, Gunmetal</p><p> -10% 0FF </p><p>$29.69</p><a href="https://www.amazon.com/dp/B0DH1TN5BW?tag=eloabder-20&linkCode=osi&th=1&psc=1">View Product</a></div><div class="product"><a href="https://www.amazon.com/dp/B09XM96H87?tag=eloabder-20&linkCode=osi&th=1&psc=1"><img src="https://m.media-amazon.com/images/I/41Fo2NZJx5L._SL500_.jpg" alt="Product Image"></a><p>SinoTrack Digital GPS Speedometer Universal Heads Up Display for Car 5.5 inch Large LCD Display HUD with MPH Speed Fatigued Driving Alert Overspeed Alarm Trip Meter for All Vehicle</p><p> -9% 0FF </p><p>$29.98</p><a href="https://www.amazon.com/dp/B09XM96H87?tag=eloabder-20&linkCode=osi&th=1&psc=1">View Product</a></div><div class="product"><a href="https://www.amazon.com/dp/B0DLBDTFL7?tag=eloabder-20&linkCode=osi&th=1&psc=1"><img src="https://m.media-amazon.com/images/I/41NGzpkL0sL._SL500_.jpg" alt="Product Image"></a><p>GPS Navigator for Car Truck RV, Latest 2025 Map, 7 inch Touch Screen Real Voice Spoken Turn-by-Turn Direction Reminding Navigation System for Cars, Vehicle GPS with Speed and Red Light Warning (Blue)</p><p> -19% 0FF </p><p>$56.99</p><a href="https://www.amazon.com/dp/B0DLBDTFL7?tag=eloabder-20&linkCode=osi&th=1&psc=1">View Product</a></div><div class="product"><a href="https://www.amazon.com/dp/B0B5M53F92?tag=eloabder-20&linkCode=osi&th=1&psc=1"><img src="https://m.media-amazon.com/images/I/41jXjmrwkOL._SL500_.jpg" alt="Product Image"></a><p>Premium GPS Tracking Sticker for car, Bike, Motorcycle Anti-Theft Stickers This Vehicle Protected by Warning Tracker Sticker Decal Self Adhesive Sign 4" x 2" Vinyl — UV Resistent (Pack of 2)</p><p> -15% 0FF </p><p>$4.99 ($2.50 / Count)</p><a href="https://www.amazon.com/dp/B0B5M53F92?tag=eloabder-20&linkCode=osi&th=1&psc=1">View Product</a></div>
<div class="product"><a href="https://www.amazon.com/dp/B083GHXFTJ?tag=eloabder-20&linkCode=osi&th=1&psc=1"><img src="https://m.media-amazon.com/images/I/51YLCVtIhJL._SL500_.jpg" alt="Product Image"></a><p>Winzwon Interior Led Lights for Car Accessories for Women Men, Birthday Gifts for Men Him, APP Control with USB Port Music Sync Color Change Lights for Jeep Truck Decor, 12V</p><p> -23% 0FF </p><p>$9.99 ($2.50 / Count)</p><a href="https://www.amazon.com/dp/B083GHXFTJ?tag=eloabder-20&linkCode=osi&th=1&psc=1">View Product</a></div><div class="product"><a href="https://www.amazon.com/dp/B08F9PF2Y5?tag=eloabder-20&linkCode=osi&th=1&psc=1"><img src="https://m.media-amazon.com/images/I/51erdB7xL4L._SL500_.jpg" alt="Product Image"></a><p>Interior Car LED Strip Lights APP Control, 5 in 1 RGB 16 Million Colors Ambient Lighting Kit with 236 inches Fiber Optic, Music Mode Inside Car Lighting Decorations</p><p> -5% 0FF </p><p>$20.88</p><a href="https://www.amazon.com/dp/B08F9PF2Y5?tag=eloabder-20&linkCode=osi&th=1&psc=1">View Product</a></div><div class="product"><a href="https://www.amazon.com/dp/B097CB5WXB?tag=eloabder-20&linkCode=osi&th=1&psc=1"><img src="https://m.media-amazon.com/images/I/51T-wkU4nKL._SL500_.jpg" alt="Product Image"></a><p>Interior Car Lights Keepsmile Car Accessories APP Control with Remote Music Sync Color Change RGB Under Dash Lighting with Charger 12V LED Lights Running Board Lights</p><p> -20% 0FF </p><p>$15.99</p><a href="https://www.amazon.com/dp/B097CB5WXB?tag=eloabder-20&linkCode=osi&th=1&psc=1">View Product</a></div>
<div class="product"><a href="https://www.amazon.com/dp/B0CDBQT23P?tag=eloabder-20&linkCode=osi&th=1&psc=1"><img src="https://m.media-amazon.com/images/I/41+xWbXza3L._SL500_.jpg" alt="Product Image"></a><p>AUXITO 9005/HB3 H11/H8/H9 LED Bulbs Combo, 50000LM Bright 6500K Cool White, 120W Fanless Light Bulbs, Pack of 4</p><p> -22% 0FF </p><p>$69.98</p><a href="https://www.amazon.com/dp/B0CDBQT23P?tag=eloabder-20&linkCode=osi&th=1&psc=1">View Product</a></div><div class="product"><a href="https://www.amazon.com/dp/B0D1YGCQH1?tag=eloabder-20&linkCode=osi&th=1&psc=1"><img src="https://m.media-amazon.com/images/I/51Q44nlhKJL._SL500_.jpg" alt="Product Image"></a><p>Marsauto M1S 9005/HB3 H11/H8/H9 Light Bulbs Combo, 800% Super Brighter H11 9005 Bulbs or Fog, 6000K HB3 H9 Cool White, 3 Min Plug and Play Lights Combo, IP68, Pack of 4</p><p> -35% 0FF </p><p>$45.59 ($11.40 / Count)</p><a href="https://www.amazon.com/dp/B0D1YGCQH1?tag=eloabder-20&linkCode=osi&th=1&psc=1">View Product</a></div><div class="product"><a href="https://www.amazon.com/dp/B0F4CZ32P6?tag=eloabder-20&linkCode=osi&th=1&psc=1"><img src="https://m.media-amazon.com/images/I/41-t621Z4+L._SL500_.jpg" alt="Product Image"></a><p>AUTOONE Upgraded H7/H7LL LED Light Bulb, Super Bright Real 1:1 Halogen Mini Size, 10-Year Extended Lifespan, 6500K White Illumination for Automotive Fog Lights, Plug and Play, Pack of 2</p><p> -8% 0FF </p><p>$36.99 ($18.50 / Count)</p><a href="https://www.amazon.com/dp/B0F4CZ32P6?tag=eloabder-20&linkCode=osi&th=1&psc=1">View Product</a></div>

<div class="product"><a href="https://www.amazon.com/dp/B004HCS4NW?tag=eloabder-20&linkCode=osi&th=1&psc=1"><img src="https://m.media-amazon.com/images/I/41j5b6xRqNL._SL500_.jpg" alt="Product Image"></a><p>Meguiar's G2016 Convertible Top Cleaner, 16 Fluid Ounces, Units per Each</p><p> -31% 0FF </p><p>$8.28 ($0.52 / Fl Oz)</p><a href="https://www.amazon.com/dp/B004HCS4NW?tag=eloabder-20&linkCode=osi&th=1&psc=1">View Product</a></div><div class="product"><a href="https://www.amazon.com/dp/B0BS42VY2N?tag=eloabder-20&linkCode=osi&th=1&psc=1"><img src="https://m.media-amazon.com/images/I/4179SVWrunL._SL500_.jpg" alt="Product Image"></a><p>A-Premium Black Convertible Soft Top Compatible with Ford Mustang 2005-2014, Convertible, with Glass Window</p><p> -12% 0FF </p><p>$309.99</p><a href="https://www.amazon.com/dp/B0BS42VY2N?tag=eloabder-20&linkCode=osi&th=1&psc=1">View Product</a></div>
<div class="product"><a href="https://www.amazon.com/dp/B00029CYRG?tag=eloabder-20&linkCode=osi&th=1&psc=1"><img src="https://m.media-amazon.com/images/I/41Hnigm4E8L._SL500_.jpg" alt="Product Image"></a><p>Meguiar's M6732 Marine/RV One Step Compound, Remove Oxidation, Stains, Scratches, and Water Spots, Restore The Color and Shine of Fiberglass Gel Coat Finishes, 32 Oz Bottle</p><p> -10% 0FF </p><p>$19.62 ($0.61 / Fl Oz)</p><a href="https://www.amazon.com/dp/B00029CYRG?tag=eloabder-20&linkCode=osi&th=1&psc=1">View Product</a></div><div class="product"><a href="https://www.amazon.com/dp/B0007TR47G?tag=eloabder-20&linkCode=osi&th=1&psc=1"><img src="https://m.media-amazon.com/images/I/41TJAH5y4lL._SL500_.jpg" alt="Product Image"></a><p>Meguiar's M6332 Flagship Premium Marine Wax, Easy to Use Boat Polish and Wax, Remove Scratches, Swirls, and Oxidation While Leaving Lasting Protection, 32 Oz Bottle</p><p> -30% 0FF </p><p>$24.96</p><a href="https://www.amazon.com/dp/B0007TR47G?tag=eloabder-20&linkCode=osi&th=1&psc=1">View Product</a></div><div class="product"><a href="https://www.amazon.com/dp/B001GXDWGO?tag=eloabder-20&linkCode=osi&th=1&psc=1"><img src="https://m.media-amazon.com/images/I/41Gisw5b70L._SL500_.jpg" alt="Product Image"></a><p>Hardline Products Series 350 Factory Matched 3-Inch Boat & PWC Registration Number Kit, Solid Black - BLK350EC</p><p> -6% 0FF </p><p>$12.10</p><a href="https://www.amazon.com/dp/B001GXDWGO?tag=eloabder-20&linkCode=osi&th=1&psc=1">View Product</a></div><div class="product"><a href="https://www.amazon.com/dp/B0000AY4YT?tag=eloabder-20&linkCode=osi&th=1&psc=1"><img src="https://m.media-amazon.com/images/I/51Dl0tlwnQL._SL500_.jpg" alt="Product Image"></a><p>Meguiar's M4965 Marine/RV Fiberglass Restoration System, 3-Piece Marine Fiberglass Repair Kit Featuring Oxidation Remover for Boat Care Plus Boat Polish and Wax</p><p> -35% 0FF </p><p>$34.63</p><a href="https://www.amazon.com/dp/B0000AY4YT?tag=eloabder-20&linkCode=osi&th=1&psc=1">View Product</a></div>

<div class="product"><a href="https://www.amazon.com/dp/B000MT94QA?tag=eloabder-20&linkCode=osi&th=1&psc=1"><img src="https://m.media-amazon.com/images/I/41j+V11HWVL._SL500_.jpg" alt="Product Image"></a><p>Scepter Duramax Flo ’N Go 14 Gallon (53 Liter) Fueling Station, Portable Gas Caddy and Fuel Transfer Pump with 10-Foot Hose for Lawn Mower, Farm, Marine, Commercial, and Home Use, Gasoline Only, Red</p><p> -8% 0FF </p><p>$141.99</p><a href="https://www.amazon.com/dp/B000MT94QA?tag=eloabder-20&linkCode=osi&th=1&psc=1">View Product</a></div><div class="product"><a href="https://www.amazon.com/dp/B001HVJKSY?tag=eloabder-20&linkCode=osi&th=1&psc=1"><img src="https://m.media-amazon.com/images/I/41yrThZv51L._SL500_.jpg" alt="Product Image"></a><p>RDS MFG INC 72771 Fuel Tank</p><p> -9% 0FF </p><p>$758.78</p><a href="https://www.amazon.com/dp/B001HVJKSY?tag=eloabder-20&linkCode=osi&th=1&psc=1">View Product</a></div>



<div class="product"><a href="https://www.amazon.com/dp/B098WVKF19?tag=eloabder-20&linkCode=osi&th=1&psc=1"><img src="https://m.media-amazon.com/images/I/41IK3vBCYyL._SL500_.jpg" alt="Product Image"></a><p>REDTIGER Dash Cam Front Rear, 4K/2.5K Full HD Dash Camera for Cars, Included 32GB Card, Built-in Wi-Fi GPS, APP Control, 3.18" IPS Screen, Night Vision, Wide Angle, WDR, 24H Parking Mode(F7NP)</p><p> -55% 0FF </p><p>$89.99</p><a href="https://www.amazon.com/dp/B098WVKF19?tag=eloabder-20&linkCode=osi&th=1&psc=1">View Product</a></div><div class="product"><a href="https://www.amazon.com/dp/B0D6J5B98H?tag=eloabder-20&linkCode=osi&th=1&psc=1"><img src="https://m.media-amazon.com/images/I/51SmyQooLuL._SL500_.jpg" alt="Product Image"></a><p>ROVE R2-4K DUAL Dash Cam Front and Rear, STARVIS 2 Sensor, FREE 128GB Card Included, 5G WiFi - up to 20MB/s Fastest Download Speed with App, 4K 2160P/FHD Dash Camera for Cars, 3" IPS, 24H Parking Mode</p><p> -35% 0FF </p><p>$129.99</p><a href="https://www.amazon.com/dp/B0D6J5B98H?tag=eloabder-20&linkCode=osi&th=1&psc=1">View Product</a></div><div class="product"><a href="https://www.amazon.com/dp/B0CKXMKRCS?tag=eloabder-20&linkCode=osi&th=1&psc=1"><img src="https://m.media-amazon.com/images/I/51V46zR7lIL._SL500_.jpg" alt="Product Image"></a><p>Dash Cam WiFi 2K, Car Camera with APP, Front Dash Camera for Cars, Mini Dashcams with WDR Night Vision, 24 Hours Parking Monitor, Loop Recording, G-Sensor</p><p> -33% 0FF </p><p>$39.98</p><a href="https://www.amazon.com/dp/B0CKXMKRCS?tag=eloabder-20&linkCode=osi&th=1&psc=1">View Product</a></div><div class="product"><a href="https://www.amazon.com/dp/B0C2Y6WXJ7?tag=eloabder-20&linkCode=osi&th=1&psc=1"><img src="https://m.media-amazon.com/images/I/51osSkFBZDL._SL500_.jpg" alt="Product Image"></a><p>Dash Cam Front and Rear, 1080P Dash Camera for Cars, 3 Channel Car Camera Front Rear and Inside with 32GB Card, Loop Recording, Night Vision, HDR, G-Sensor, 24Hr Parking</p><p> -14% 0FF </p><p>$59.99</p><a href="https://www.amazon.com/dp/B0C2Y6WXJ7?tag=eloabder-20&linkCode=osi&th=1&psc=1">View Product</a></div><div class="product"><a href="https://www.amazon.com/dp/B0C6YBHKJ5?tag=eloabder-20&linkCode=osi&th=1&psc=1"><img src="https://m.media-amazon.com/images/I/51ktc2240CL._SL500_.jpg" alt="Product Image"></a><p>REDTIGER 4K Dash Cam Front and Rear, STARVIS 2 Sensor, Touch Screen 3.18", 128GB Card Included, Voice Control, 5.8GHz WiFi Car Dash Camera, GPS, Night Vision, Emergency Lock, Parking Mode (F7N Touch)</p><p> -25% 0FF </p><p>$149.99</p><a href="https://www.amazon.com/dp/B0C6YBHKJ5?tag=eloabder-20&linkCode=osi&th=1&psc=1">View Product</a></div><div class="product"><a href="https://www.amazon.com/dp/B0BKF6XQVY?tag=eloabder-20&linkCode=osi&th=1&psc=1"><img src="https://m.media-amazon.com/images/I/41kQ6r03ocL._SL500_.jpg" alt="Product Image"></a><p>ARIFAYZ Dash Cam Front and Rear 4K+1080P, Free 64GB Card, Built-in WiFi, Dash Camera for Cars, Car Camera, Dual Dashcams for Cars with Night Vision, 24 Hours Parking Monitor, Loop Recording</p><p> -10% 0FF </p><p>$89.99</p><a href="https://www.amazon.com/dp/B0BKF6XQVY?tag=eloabder-20&linkCode=osi&th=1&psc=1">View Product</a></div>
<div class="product"><a href="https://www.amazon.com/dp/B07LF7YBNF?tag=eloabder-20&linkCode=osi&th=1&psc=1"><img src="https://m.media-amazon.com/images/I/514tDraUiKL._SL500_.jpg" alt="Product Image"></a><p>BANVIE Car Alarm System, Security Antitheft Alarm Systems with Keyless Entry, with Microwave Sensor & Shock Sensor</p><p> -11% 0FF </p><p>$32.99</p><a href="https://www.amazon.com/dp/B07LF7YBNF?tag=eloabder-20&linkCode=osi&th=1&psc=1">View Product</a></div>
<div class="product"><a href="https://www.amazon.com/dp/B07FT6R38V?tag=eloabder-20&linkCode=osi&th=1&psc=1"><img src="https://m.media-amazon.com/images/I/51PS4hJmevL._SL500_.jpg" alt="Product Image"></a><p>LIANXIN Roadside Assistance Emergency Kit - Car Emergency Kit with Jumper Cables (Upgraded) Emergency Roadside Kit for Car 142 Pieces Car Safety Kits,Tow Strap,Tool Kit,Reflective Warning Triangle</p><p> -5% 0FF </p><p>$39.99</p><a href="https://www.amazon.com/dp/B07FT6R38V?tag=eloabder-20&linkCode=osi&th=1&psc=1">View Product</a></div><div class="product"><a href="https://www.amazon.com/dp/B07BR7Q4RG?tag=eloabder-20&linkCode=osi&th=1&psc=1"><img src="https://m.media-amazon.com/images/I/51wT7DxPZ-L._SL500_.jpg" alt="Product Image"></a><p>STDY Car Roadside Emergency Kit, Vehicle Truck Safety Road Side Assistance Kits Auto Accessory, with Jumper Cables, First Aid Kit, Tow Rope, Reflective Triangle, Tire Pressure Gauge, etc</p><p> -36% 0FF </p><p>$34.99</p><a href="https://www.amazon.com/dp/B07BR7Q4RG?tag=eloabder-20&linkCode=osi&th=1&psc=1">View Product</a></div><div class="product"><a href="https://www.amazon.com/dp/B08RS888RH?tag=eloabder-20&linkCode=osi&th=1&psc=1"><img src="https://m.media-amazon.com/images/I/511WieELkPL._SL500_.jpg" alt="Product Image"></a><p>Vetoos Car Roadside Emergency Kit with Jumper Cables, Auto Vehicle Safety Road Side Assistance Kits, Winter Car Kit Essentials for Women and Men, with Car Repair Tool Set, Folding Survival Shovel</p><p> -33% 0FF </p><p>$39.99</p><a href="https://www.amazon.com/dp/B08RS888RH?tag=eloabder-20&linkCode=osi&th=1&psc=1">View Product</a></div><div class="product"><a href="https://www.amazon.com/dp/B086ZZ145D?tag=eloabder-20&linkCode=osi&th=1&psc=1"><img src="https://m.media-amazon.com/images/I/517daXfVHHL._SL500_.jpg" alt="Product Image"></a><p>Vetoos Roadside Emergency Car Kit with Jumper Cables, Auto Vehicle Safety Road Side Assistance Kit Essentials, Winter Car Kit for Women and Men, with Mini Car Tool Set, Dial Tire Pressure Gauge</p><p> -30% 0FF </p><p>$34.99</p><a href="https://www.amazon.com/dp/B086ZZ145D?tag=eloabder-20&linkCode=osi&th=1&psc=1">View Product</a></div><div class="product"><a href="https://www.amazon.com/dp/B09QXJF7C5?tag=eloabder-20&linkCode=osi&th=1&psc=1"><img src="https://m.media-amazon.com/images/I/51Mvi43rtIL._SL500_.jpg" alt="Product Image"></a><p>WETBAS Car Roadside Emergency Kit, Auto Vehicle Safety Emergency Road Side Assistance Kits Essentials, Solenoid Starter Repair Kit with Jumper Cables, Safety Hammer, Reflective Warning Triangle</p><p> -36% 0FF </p><p>$34.98</p><a href="https://www.amazon.com/dp/B09QXJF7C5?tag=eloabder-20&linkCode=osi&th=1&psc=1">View Product</a></div>

<div class="product"><a href="https://www.amazon.com/dp/B0DH1TN5BW?tag=eloabder-20&linkCode=osi&th=1&psc=1"><img src="https://m.media-amazon.com/images/I/411obZQLkyL._SL500_.jpg" alt="Product Image"></a><p>Miroddi Keychain with Smart Tracker, Men's Keychain Works with Find My App, Heavy Duty Car Key Chains with Bottle Opener Fob Carabiner, Key Finder GPS Tracker, Rechargeable, Gunmetal</p><p> -10% 0FF </p><p>$29.69</p><a href="https://www.amazon.com/dp/B0DH1TN5BW?tag=eloabder-20&linkCode=osi&th=1&psc=1">View Product</a></div><div class="product"><a href="https://www.amazon.com/dp/B09XM96H87?tag=eloabder-20&linkCode=osi&th=1&psc=1"><img src="https://m.media-amazon.com/images/I/41Fo2NZJx5L._SL500_.jpg" alt="Product Image"></a><p>SinoTrack Digital GPS Speedometer Universal Heads Up Display for Car 5.5 inch Large LCD Display HUD with MPH Speed Fatigued Driving Alert Overspeed Alarm Trip Meter for All Vehicle</p><p> -9% 0FF </p><p>$29.98</p><a href="https://www.amazon.com/dp/B09XM96H87?tag=eloabder-20&linkCode=osi&th=1&psc=1">View Product</a></div><div class="product"><a href="https://www.amazon.com/dp/B0DLBDTFL7?tag=eloabder-20&linkCode=osi&th=1&psc=1"><img src="https://m.media-amazon.com/images/I/41NGzpkL0sL._SL500_.jpg" alt="Product Image"></a><p>GPS Navigator for Car Truck RV, Latest 2025 Map, 7 inch Touch Screen Real Voice Spoken Turn-by-Turn Direction Reminding Navigation System for Cars, Vehicle GPS with Speed and Red Light Warning (Blue)</p><p> -19% 0FF </p><p>$56.99</p><a href="https://www.amazon.com/dp/B0DLBDTFL7?tag=eloabder-20&linkCode=osi&th=1&psc=1">View Product</a></div><div class="product"><a href="https://www.amazon.com/dp/B0B5M53F92?tag=eloabder-20&linkCode=osi&th=1&psc=1"><img src="https://m.media-amazon.com/images/I/41jXjmrwkOL._SL500_.jpg" alt="Product Image"></a><p>Premium GPS Tracking Sticker for car, Bike, Motorcycle Anti-Theft Stickers This Vehicle Protected by Warning Tracker Sticker Decal Self Adhesive Sign 4" x 2" Vinyl — UV Resistent (Pack of 2)</p><p> -15% 0FF </p><p>$4.99 ($2.50 / Count)</p><a href="https://www.amazon.com/dp/B0B5M53F92?tag=eloabder-20&linkCode=osi&th=1&psc=1">View Product</a></div>
<div class="product"><a href="https://www.amazon.com/dp/B083GHXFTJ?tag=eloabder-20&linkCode=osi&th=1&psc=1"><img src="https://m.media-amazon.com/images/I/51YLCVtIhJL._SL500_.jpg" alt="Product Image"></a><p>Winzwon Interior Led Lights for Car Accessories for Women Men, Birthday Gifts for Men Him, APP Control with USB Port Music Sync Color Change Lights for Jeep Truck Decor, 12V</p><p> -23% 0FF </p><p>$9.99 ($2.50 / Count)</p><a href="https://www.amazon.com/dp/B083GHXFTJ?tag=eloabder-20&linkCode=osi&th=1&psc=1">View Product</a></div><div class="product"><a href="https://www.amazon.com/dp/B08F9PF2Y5?tag=eloabder-20&linkCode=osi&th=1&psc=1"><img src="https://m.media-amazon.com/images/I/51erdB7xL4L._SL500_.jpg" alt="Product Image"></a><p>Interior Car LED Strip Lights APP Control, 5 in 1 RGB 16 Million Colors Ambient Lighting Kit with 236 inches Fiber Optic, Music Mode Inside Car Lighting Decorations</p><p> -5% 0FF </p><p>$20.88</p><a href="https://www.amazon.com/dp/B08F9PF2Y5?tag=eloabder-20&linkCode=osi&th=1&psc=1">View Product</a></div><div class="product"><a href="https://www.amazon.com/dp/B097CB5WXB?tag=eloabder-20&linkCode=osi&th=1&psc=1"><img src="https://m.media-amazon.com/images/I/51T-wkU4nKL._SL500_.jpg" alt="Product Image"></a><p>Interior Car Lights Keepsmile Car Accessories APP Control with Remote Music Sync Color Change RGB Under Dash Lighting with Charger 12V LED Lights Running Board Lights</p><p> -20% 0FF </p><p>$15.99</p><a href="https://www.amazon.com/dp/B097CB5WXB?tag=eloabder-20&linkCode=osi&th=1&psc=1">View Product</a></div>
<div class="product"><a href="https://www.amazon.com/dp/B0CDBQT23P?tag=eloabder-20&linkCode=osi&th=1&psc=1"><img src="https://m.media-amazon.com/images/I/41+xWbXza3L._SL500_.jpg" alt="Product Image"></a><p>AUXITO 9005/HB3 H11/H8/H9 LED Bulbs Combo, 50000LM Bright 6500K Cool White, 120W Fanless Light Bulbs, Pack of 4</p><p> -22% 0FF </p><p>$69.98</p><a href="https://www.amazon.com/dp/B0CDBQT23P?tag=eloabder-20&linkCode=osi&th=1&psc=1">View Product</a></div><div class="product"><a href="https://www.amazon.com/dp/B0D1YGCQH1?tag=eloabder-20&linkCode=osi&th=1&psc=1"><img src="https://m.media-amazon.com/images/I/51Q44nlhKJL._SL500_.jpg" alt="Product Image"></a><p>Marsauto M1S 9005/HB3 H11/H8/H9 Light Bulbs Combo, 800% Super Brighter H11 9005 Bulbs or Fog, 6000K HB3 H9 Cool White, 3 Min Plug and Play Lights Combo, IP68, Pack of 4</p><p> -35% 0FF </p><p>$45.59 ($11.40 / Count)</p><a href="https://www.amazon.com/dp/B0D1YGCQH1?tag=eloabder-20&linkCode=osi&th=1&psc=1">View Product</a></div><div class="product"><a href="https://www.amazon.com/dp/B0F4CZ32P6?tag=eloabder-20&linkCode=osi&th=1&psc=1"><img src="https://m.media-amazon.com/images/I/41-t621Z4+L._SL500_.jpg" alt="Product Image"></a><p>AUTOONE Upgraded H7/H7LL LED Light Bulb, Super Bright Real 1:1 Halogen Mini Size, 10-Year Extended Lifespan, 6500K White Illumination for Automotive Fog Lights, Plug and Play, Pack of 2</p><p> -8% 0FF </p><p>$36.99 ($18.50 / Count)</p><a href="https://www.amazon.com/dp/B0F4CZ32P6?tag=eloabder-20&linkCode=osi&th=1&psc=1">View Product</a></div>
<div class="product"><a href="https://www.amazon.com/dp/B08BHN2NN1?tag=eloabder-20&linkCode=osi&th=1&psc=1"><img src="https://m.media-amazon.com/images/I/41ddySbPN-L._SL500_.jpg" alt="Product Image"></a><p>EMITHSUN OEM QUALITY 26" + 16" Premium All-Seasons Stable And Quiet Windshield Wiper Blades(Set of 2)</p><p> -15% 0FF </p><p>$16.99</p><a href="https://www.amazon.com/dp/B08BHN2NN1?tag=eloabder-20&linkCode=osi&th=1&psc=1">View Product</a></div><div class="product"><a href="https://www.amazon.com/dp/B08MF13665?tag=eloabder-20&linkCode=osi&th=1&psc=1"><img src="https://m.media-amazon.com/images/I/51I-r5q796L._SL500_.jpg" alt="Product Image"></a><p>AUTOBOO 26" and 18" Windshield Wipers Blades (Pack Of 2),OEM Quality Premium All-Seasons Wiper blades,Stable and Quiet Armor wiper blades</p><p> -20% 0FF </p><p>$15.98</p><a href="https://www.amazon.com/dp/B08MF13665?tag=eloabder-20&linkCode=osi&th=1&psc=1">View Product</a></div><div class="product"><a href="https://www.amazon.com/dp/B088RJ168L?tag=eloabder-20&linkCode=osi&th=1&psc=1"><img src="https://m.media-amazon.com/images/I/410IqJ2r+hL._SL500_.jpg" alt="Product Image"></a><p>OEM QUALITY 26" + 19" PARRATI Premium All-Season Windshield Wiper Blades (Set of 2)</p><p> -13% 0FF </p><p>$17.39</p><a href="https://www.amazon.com/dp/B088RJ168L?tag=eloabder-20&linkCode=osi&th=1&psc=1">View Product</a></div><div class="product"><a href="https://www.amazon.com/dp/B0BHTHFTJH?tag=eloabder-20&linkCode=osi&th=1&psc=1"><img src="https://m.media-amazon.com/images/I/41CZndsAdkL._SL500_.jpg" alt="Product Image"></a><p>Wenyant 28"+28" Compatible with Ford Edge 2020-2015 Escape 2019-2013 Focus 2018-2012 Fusion 2019-2013 Front Windshield Wiper Blades for My Car Original Equipment Automotive Replacement (Set of 2)</p><p> -10% 0FF </p><p>$17.99</p><a href="https://www.amazon.com/dp/B0BHTHFTJH?tag=eloabder-20&linkCode=osi&th=1&psc=1">View Product</a></div>

<div class="product"><a href="https://www.amazon.com/dp/B004HCS4NW?tag=eloabder-20&linkCode=osi&th=1&psc=1"><img src="https://m.media-amazon.com/images/I/41j5b6xRqNL._SL500_.jpg" alt="Product Image"></a><p>Meguiar's G2016 Convertible Top Cleaner, 16 Fluid Ounces, Units per Each</p><p> -31% 0FF </p><p>$8.28 ($0.52 / Fl Oz)</p><a href="https://www.amazon.com/dp/B004HCS4NW?tag=eloabder-20&linkCode=osi&th=1&psc=1">View Product</a></div><div class="product"><a href="https://www.amazon.com/dp/B0BS42VY2N?tag=eloabder-20&linkCode=osi&th=1&psc=1"><img src="https://m.media-amazon.com/images/I/4179SVWrunL._SL500_.jpg" alt="Product Image"></a><p>A-Premium Black Convertible Soft Top Compatible with Ford Mustang 2005-2014, Convertible, with Glass Window</p><p> -12% 0FF </p><p>$309.99</p><a href="https://www.amazon.com/dp/B0BS42VY2N?tag=eloabder-20&linkCode=osi&th=1&psc=1">View Product</a></div>
<div class="product"><a href="https://www.amazon.com/dp/B00029CYRG?tag=eloabder-20&linkCode=osi&th=1&psc=1"><img src="https://m.media-amazon.com/images/I/41Hnigm4E8L._SL500_.jpg" alt="Product Image"></a><p>Meguiar's M6732 Marine/RV One Step Compound, Remove Oxidation, Stains, Scratches, and Water Spots, Restore The Color and Shine of Fiberglass Gel Coat Finishes, 32 Oz Bottle</p><p> -10% 0FF </p><p>$19.62 ($0.61 / Fl Oz)</p><a href="https://www.amazon.com/dp/B00029CYRG?tag=eloabder-20&linkCode=osi&th=1&psc=1">View Product</a></div><div class="product"><a href="https://www.amazon.com/dp/B0007TR47G?tag=eloabder-20&linkCode=osi&th=1&psc=1"><img src="https://m.media-amazon.com/images/I/41TJAH5y4lL._SL500_.jpg" alt="Product Image"></a><p>Meguiar's M6332 Flagship Premium Marine Wax, Easy to Use Boat Polish and Wax, Remove Scratches, Swirls, and Oxidation While Leaving Lasting Protection, 32 Oz Bottle</p><p> -30% 0FF </p><p>$24.96</p><a href="https://www.amazon.com/dp/B0007TR47G?tag=eloabder-20&linkCode=osi&th=1&psc=1">View Product</a></div><div class="product"><a href="https://www.amazon.com/dp/B001GXDWGO?tag=eloabder-20&linkCode=osi&th=1&psc=1"><img src="https://m.media-amazon.com/images/I/41Gisw5b70L._SL500_.jpg" alt="Product Image"></a><p>Hardline Products Series 350 Factory Matched 3-Inch Boat & PWC Registration Number Kit, Solid Black - BLK350EC</p><p> -6% 0FF </p><p>$12.10</p><a href="https://www.amazon.com/dp/B001GXDWGO?tag=eloabder-20&linkCode=osi&th=1&psc=1">View Product</a></div><div class="product"><a href="https://www.amazon.com/dp/B0000AY4YT?tag=eloabder-20&linkCode=osi&th=1&psc=1"><img src="https://m.media-amazon.com/images/I/51Dl0tlwnQL._SL500_.jpg" alt="Product Image"></a><p>Meguiar's M4965 Marine/RV Fiberglass Restoration System, 3-Piece Marine Fiberglass Repair Kit Featuring Oxidation Remover for Boat Care Plus Boat Polish and Wax</p><p> -35% 0FF </p><p>$34.63</p><a href="https://www.amazon.com/dp/B0000AY4YT?tag=eloabder-20&linkCode=osi&th=1&psc=1">View Product</a></div>

<div class="product"><a href="https://www.amazon.com/dp/B000MT94QA?tag=eloabder-20&linkCode=osi&th=1&psc=1"><img src="https://m.media-amazon.com/images/I/41j+V11HWVL._SL500_.jpg" alt="Product Image"></a><p>Scepter Duramax Flo ’N Go 14 Gallon (53 Liter) Fueling Station, Portable Gas Caddy and Fuel Transfer Pump with 10-Foot Hose for Lawn Mower, Farm, Marine, Commercial, and Home Use, Gasoline Only, Red</p><p> -8% 0FF </p><p>$141.99</p><a href="https://www.amazon.com/dp/B000MT94QA?tag=eloabder-20&linkCode=osi&th=1&psc=1">View Product</a></div><div class="product"><a href="https://www.amazon.com/dp/B001HVJKSY?tag=eloabder-20&linkCode=osi&th=1&psc=1"><img src="https://m.media-amazon.com/images/I/41yrThZv51L._SL500_.jpg" alt="Product Image"></a><p>RDS MFG INC 72771 Fuel Tank</p><p> -9% 0FF </p><p>$758.78</p><a href="https://www.amazon.com/dp/B001HVJKSY?tag=eloabder-20&linkCode=osi&th=1&psc=1">View Product</a></div>



<div class="product"><a href="https://www.amazon.com/dp/B098WVKF19?tag=eloabder-20&linkCode=osi&th=1&psc=1"><img src="https://m.media-amazon.com/images/I/41IK3vBCYyL._SL500_.jpg" alt="Product Image"></a><p>REDTIGER Dash Cam Front Rear, 4K/2.5K Full HD Dash Camera for Cars, Included 32GB Card, Built-in Wi-Fi GPS, APP Control, 3.18" IPS Screen, Night Vision, Wide Angle, WDR, 24H Parking Mode(F7NP)</p><p> -55% 0FF </p><p>$89.99</p><a href="https://www.amazon.com/dp/B098WVKF19?tag=eloabder-20&linkCode=osi&th=1&psc=1">View Product</a></div><div class="product"><a href="https://www.amazon.com/dp/B0D6J5B98H?tag=eloabder-20&linkCode=osi&th=1&psc=1"><img src="https://m.media-amazon.com/images/I/51SmyQooLuL._SL500_.jpg" alt="Product Image"></a><p>ROVE R2-4K DUAL Dash Cam Front and Rear, STARVIS 2 Sensor, FREE 128GB Card Included, 5G WiFi - up to 20MB/s Fastest Download Speed with App, 4K 2160P/FHD Dash Camera for Cars, 3" IPS, 24H Parking Mode</p><p> -35% 0FF </p><p>$129.99</p><a href="https://www.amazon.com/dp/B0D6J5B98H?tag=eloabder-20&linkCode=osi&th=1&psc=1">View Product</a></div><div class="product"><a href="https://www.amazon.com/dp/B0CKXMKRCS?tag=eloabder-20&linkCode=osi&th=1&psc=1"><img src="https://m.media-amazon.com/images/I/51V46zR7lIL._SL500_.jpg" alt="Product Image"></a><p>Dash Cam WiFi 2K, Car Camera with APP, Front Dash Camera for Cars, Mini Dashcams with WDR Night Vision, 24 Hours Parking Monitor, Loop Recording, G-Sensor</p><p> -33% 0FF </p><p>$39.98</p><a href="https://www.amazon.com/dp/B0CKXMKRCS?tag=eloabder-20&linkCode=osi&th=1&psc=1">View Product</a></div><div class="product"><a href="https://www.amazon.com/dp/B0C2Y6WXJ7?tag=eloabder-20&linkCode=osi&th=1&psc=1"><img src="https://m.media-amazon.com/images/I/51osSkFBZDL._SL500_.jpg" alt="Product Image"></a><p>Dash Cam Front and Rear, 1080P Dash Camera for Cars, 3 Channel Car Camera Front Rear and Inside with 32GB Card, Loop Recording, Night Vision, HDR, G-Sensor, 24Hr Parking</p><p> -14% 0FF </p><p>$59.99</p><a href="https://www.amazon.com/dp/B0C2Y6WXJ7?tag=eloabder-20&linkCode=osi&th=1&psc=1">View Product</a></div><div class="product"><a href="https://www.amazon.com/dp/B0C6YBHKJ5?tag=eloabder-20&linkCode=osi&th=1&psc=1"><img src="https://m.media-amazon.com/images/I/51ktc2240CL._SL500_.jpg" alt="Product Image"></a><p>REDTIGER 4K Dash Cam Front and Rear, STARVIS 2 Sensor, Touch Screen 3.18", 128GB Card Included, Voice Control, 5.8GHz WiFi Car Dash Camera, GPS, Night Vision, Emergency Lock, Parking Mode (F7N Touch)</p><p> -25% 0FF </p><p>$149.99</p><a href="https://www.amazon.com/dp/B0C6YBHKJ5?tag=eloabder-20&linkCode=osi&th=1&psc=1">View Product</a></div><div class="product"><a href="https://www.amazon.com/dp/B0BKF6XQVY?tag=eloabder-20&linkCode=osi&th=1&psc=1"><img src="https://m.media-amazon.com/images/I/41kQ6r03ocL._SL500_.jpg" alt="Product Image"></a><p>ARIFAYZ Dash Cam Front and Rear 4K+1080P, Free 64GB Card, Built-in WiFi, Dash Camera for Cars, Car Camera, Dual Dashcams for Cars with Night Vision, 24 Hours Parking Monitor, Loop Recording</p><p> -10% 0FF </p><p>$89.99</p><a href="https://www.amazon.com/dp/B0BKF6XQVY?tag=eloabder-20&linkCode=osi&th=1&psc=1">View Product</a></div>
<div class="product"><a href="https://www.amazon.com/dp/B07LF7YBNF?tag=eloabder-20&linkCode=osi&th=1&psc=1"><img src="https://m.media-amazon.com/images/I/514tDraUiKL._SL500_.jpg" alt="Product Image"></a><p>BANVIE Car Alarm System, Security Antitheft Alarm Systems with Keyless Entry, with Microwave Sensor & Shock Sensor</p><p> -11% 0FF </p><p>$32.99</p><a href="https://www.amazon.com/dp/B07LF7YBNF?tag=eloabder-20&linkCode=osi&th=1&psc=1">View Product</a></div>
<div class="product"><a href="https://www.amazon.com/dp/B07FT6R38V?tag=eloabder-20&linkCode=osi&th=1&psc=1"><img src="https://m.media-amazon.com/images/I/51PS4hJmevL._SL500_.jpg" alt="Product Image"></a><p>LIANXIN Roadside Assistance Emergency Kit - Car Emergency Kit with Jumper Cables (Upgraded) Emergency Roadside Kit for Car 142 Pieces Car Safety Kits,Tow Strap,Tool Kit,Reflective Warning Triangle</p><p> -5% 0FF </p><p>$39.99</p><a href="https://www.amazon.com/dp/B07FT6R38V?tag=eloabder-20&linkCode=osi&th=1&psc=1">View Product</a></div><div class="product"><a href="https://www.amazon.com/dp/B07BR7Q4RG?tag=eloabder-20&linkCode=osi&th=1&psc=1"><img src="https://m.media-amazon.com/images/I/51wT7DxPZ-L._SL500_.jpg" alt="Product Image"></a><p>STDY Car Roadside Emergency Kit, Vehicle Truck Safety Road Side Assistance Kits Auto Accessory, with Jumper Cables, First Aid Kit, Tow Rope, Reflective Triangle, Tire Pressure Gauge, etc</p><p> -36% 0FF </p><p>$34.99</p><a href="https://www.amazon.com/dp/B07BR7Q4RG?tag=eloabder-20&linkCode=osi&th=1&psc=1">View Product</a></div><div class="product"><a href="https://www.amazon.com/dp/B08RS888RH?tag=eloabder-20&linkCode=osi&th=1&psc=1"><img src="https://m.media-amazon.com/images/I/511WieELkPL._SL500_.jpg" alt="Product Image"></a><p>Vetoos Car Roadside Emergency Kit with Jumper Cables, Auto Vehicle Safety Road Side Assistance Kits, Winter Car Kit Essentials for Women and Men, with Car Repair Tool Set, Folding Survival Shovel</p><p> -33% 0FF </p><p>$39.99</p><a href="https://www.amazon.com/dp/B08RS888RH?tag=eloabder-20&linkCode=osi&th=1&psc=1">View Product</a></div><div class="product"><a href="https://www.amazon.com/dp/B086ZZ145D?tag=eloabder-20&linkCode=osi&th=1&psc=1"><img src="https://m.media-amazon.com/images/I/517daXfVHHL._SL500_.jpg" alt="Product Image"></a><p>Vetoos Roadside Emergency Car Kit with Jumper Cables, Auto Vehicle Safety Road Side Assistance Kit Essentials, Winter Car Kit for Women and Men, with Mini Car Tool Set, Dial Tire Pressure Gauge</p><p> -30% 0FF </p><p>$34.99</p><a href="https://www.amazon.com/dp/B086ZZ145D?tag=eloabder-20&linkCode=osi&th=1&psc=1">View Product</a></div><div class="product"><a href="https://www.amazon.com/dp/B09QXJF7C5?tag=eloabder-20&linkCode=osi&th=1&psc=1"><img src="https://m.media-amazon.com/images/I/51Mvi43rtIL._SL500_.jpg" alt="Product Image"></a><p>WETBAS Car Roadside Emergency Kit, Auto Vehicle Safety Emergency Road Side Assistance Kits Essentials, Solenoid Starter Repair Kit with Jumper Cables, Safety Hammer, Reflective Warning Triangle</p><p> -36% 0FF </p><p>$34.98</p><a href="https://www.amazon.com/dp/B09QXJF7C5?tag=eloabder-20&linkCode=osi&th=1&psc=1">View Product</a></div>

<div class="product"><a href="https://www.amazon.com/dp/B0DH1TN5BW?tag=eloabder-20&linkCode=osi&th=1&psc=1"><img src="https://m.media-amazon.com/images/I/411obZQLkyL._SL500_.jpg" alt="Product Image"></a><p>Miroddi Keychain with Smart Tracker, Men's Keychain Works with Find My App, Heavy Duty Car Key Chains with Bottle Opener Fob Carabiner, Key Finder GPS Tracker, Rechargeable, Gunmetal</p><p> -10% 0FF </p><p>$29.69</p><a href="https://www.amazon.com/dp/B0DH1TN5BW?tag=eloabder-20&linkCode=osi&th=1&psc=1">View Product</a></div><div class="product"><a href="https://www.amazon.com/dp/B09XM96H87?tag=eloabder-20&linkCode=osi&th=1&psc=1"><img src="https://m.media-amazon.com/images/I/41Fo2NZJx5L._SL500_.jpg" alt="Product Image"></a><p>SinoTrack Digital GPS Speedometer Universal Heads Up Display for Car 5.5 inch Large LCD Display HUD with MPH Speed Fatigued Driving Alert Overspeed Alarm Trip Meter for All Vehicle</p><p> -9% 0FF </p><p>$29.98</p><a href="https://www.amazon.com/dp/B09XM96H87?tag=eloabder-20&linkCode=osi&th=1&psc=1">View Product</a></div><div class="product"><a href="https://www.amazon.com/dp/B0DLBDTFL7?tag=eloabder-20&linkCode=osi&th=1&psc=1"><img src="https://m.media-amazon.com/images/I/41NGzpkL0sL._SL500_.jpg" alt="Product Image"></a><p>GPS Navigator for Car Truck RV, Latest 2025 Map, 7 inch Touch Screen Real Voice Spoken Turn-by-Turn Direction Reminding Navigation System for Cars, Vehicle GPS with Speed and Red Light Warning (Blue)</p><p> -19% 0FF </p><p>$56.99</p><a href="https://www.amazon.com/dp/B0DLBDTFL7?tag=eloabder-20&linkCode=osi&th=1&psc=1">View Product</a></div><div class="product"><a href="https://www.amazon.com/dp/B0B5M53F92?tag=eloabder-20&linkCode=osi&th=1&psc=1"><img src="https://m.media-amazon.com/images/I/41jXjmrwkOL._SL500_.jpg" alt="Product Image"></a><p>Premium GPS Tracking Sticker for car, Bike, Motorcycle Anti-Theft Stickers This Vehicle Protected by Warning Tracker Sticker Decal Self Adhesive Sign 4" x 2" Vinyl — UV Resistent (Pack of 2)</p><p> -15% 0FF </p><p>$4.99 ($2.50 / Count)</p><a href="https://www.amazon.com/dp/B0B5M53F92?tag=eloabder-20&linkCode=osi&th=1&psc=1">View Product</a></div>
<div class="product"><a href="https://www.amazon.com/dp/B083GHXFTJ?tag=eloabder-20&linkCode=osi&th=1&psc=1"><img src="https://m.media-amazon.com/images/I/51YLCVtIhJL._SL500_.jpg" alt="Product Image"></a><p>Winzwon Interior Led Lights for Car Accessories for Women Men, Birthday Gifts for Men Him, APP Control with USB Port Music Sync Color Change Lights for Jeep Truck Decor, 12V</p><p> -23% 0FF </p><p>$9.99 ($2.50 / Count)</p><a href="https://www.amazon.com/dp/B083GHXFTJ?tag=eloabder-20&linkCode=osi&th=1&psc=1">View Product</a></div><div class="product"><a href="https://www.amazon.com/dp/B08F9PF2Y5?tag=eloabder-20&linkCode=osi&th=1&psc=1"><img src="https://m.media-amazon.com/images/I/51erdB7xL4L._SL500_.jpg" alt="Product Image"></a><p>Interior Car LED Strip Lights APP Control, 5 in 1 RGB 16 Million Colors Ambient Lighting Kit with 236 inches Fiber Optic, Music Mode Inside Car Lighting Decorations</p><p> -5% 0FF </p><p>$20.88</p><a href="https://www.amazon.com/dp/B08F9PF2Y5?tag=eloabder-20&linkCode=osi&th=1&psc=1">View Product</a></div><div class="product"><a href="https://www.amazon.com/dp/B097CB5WXB?tag=eloabder-20&linkCode=osi&th=1&psc=1"><img src="https://m.media-amazon.com/images/I/51T-wkU4nKL._SL500_.jpg" alt="Product Image"></a><p>Interior Car Lights Keepsmile Car Accessories APP Control with Remote Music Sync Color Change RGB Under Dash Lighting with Charger 12V LED Lights Running Board Lights</p><p> -20% 0FF </p><p>$15.99</p><a href="https://www.amazon.com/dp/B097CB5WXB?tag=eloabder-20&linkCode=osi&th=1&psc=1">View Product</a></div>
<div class="product"><a href="https://www.amazon.com/dp/B0CDBQT23P?tag=eloabder-20&linkCode=osi&th=1&psc=1"><img src="https://m.media-amazon.com/images/I/41+xWbXza3L._SL500_.jpg" alt="Product Image"></a><p>AUXITO 9005/HB3 H11/H8/H9 LED Bulbs Combo, 50000LM Bright 6500K Cool White, 120W Fanless Light Bulbs, Pack of 4</p><p> -22% 0FF </p><p>$69.98</p><a href="https://www.amazon.com/dp/B0CDBQT23P?tag=eloabder-20&linkCode=osi&th=1&psc=1">View Product</a></div><div class="product"><a href="https://www.amazon.com/dp/B0D1YGCQH1?tag=eloabder-20&linkCode=osi&th=1&psc=1"><img src="https://m.media-amazon.com/images/I/51Q44nlhKJL._SL500_.jpg" alt="Product Image"></a><p>Marsauto M1S 9005/HB3 H11/H8/H9 Light Bulbs Combo, 800% Super Brighter H11 9005 Bulbs or Fog, 6000K HB3 H9 Cool White, 3 Min Plug and Play Lights Combo, IP68, Pack of 4</p><p> -35% 0FF </p><p>$45.59 ($11.40 / Count)</p><a href="https://www.amazon.com/dp/B0D1YGCQH1?tag=eloabder-20&linkCode=osi&th=1&psc=1">View Product</a></div><div class="product"><a href="https://www.amazon.com/dp/B0F4CZ32P6?tag=eloabder-20&linkCode=osi&th=1&psc=1"><img src="https://m.media-amazon.com/images/I/41-t621Z4+L._SL500_.jpg" alt="Product Image"></a><p>AUTOONE Upgraded H7/H7LL LED Light Bulb, Super Bright Real 1:1 Halogen Mini Size, 10-Year Extended Lifespan, 6500K White Illumination for Automotive Fog Lights, Plug and Play, Pack of 2</p><p> -8% 0FF </p><p>$36.99 ($18.50 / Count)</p><a href="https://www.amazon.com/dp/B0F4CZ32P6?tag=eloabder-20&linkCode=osi&th=1&psc=1">View Product</a></div>
<div class="product"><a href="https://www.amazon.com/dp/B08BHN2NN1?tag=eloabder-20&linkCode=osi&th=1&psc=1"><img src="https://m.media-amazon.com/images/I/41ddySbPN-L._SL500_.jpg" alt="Product Image"></a><p>EMITHSUN OEM QUALITY 26" + 16" Premium All-Seasons Stable And Quiet Windshield Wiper Blades(Set of 2)</p><p> -15% 0FF </p><p>$16.99</p><a href="https://www.amazon.com/dp/B08BHN2NN1?tag=eloabder-20&linkCode=osi&th=1&psc=1">View Product</a></div><div class="product"><a href="https://www.amazon.com/dp/B08MF13665?tag=eloabder-20&linkCode=osi&th=1&psc=1"><img src="https://m.media-amazon.com/images/I/51I-r5q796L._SL500_.jpg" alt="Product Image"></a><p>AUTOBOO 26" and 18" Windshield Wipers Blades (Pack Of 2),OEM Quality Premium All-Seasons Wiper blades,Stable and Quiet Armor wiper blades</p><p> -20% 0FF </p><p>$15.98</p><a href="https://www.amazon.com/dp/B08MF13665?tag=eloabder-20&linkCode=osi&th=1&psc=1">View Product</a></div><div class="product"><a href="https://www.amazon.com/dp/B088RJ168L?tag=eloabder-20&linkCode=osi&th=1&psc=1"><img src="https://m.media-amazon.com/images/I/410IqJ2r+hL._SL500_.jpg" alt="Product Image"></a><p>OEM QUALITY 26" + 19" PARRATI Premium All-Season Windshield Wiper Blades (Set of 2)</p><p> -13% 0FF </p><p>$17.39</p><a href="https://www.amazon.com/dp/B088RJ168L?tag=eloabder-20&linkCode=osi&th=1&psc=1">View Product</a></div><div class="product"><a href="https://www.amazon.com/dp/B0BHTHFTJH?tag=eloabder-20&linkCode=osi&th=1&psc=1"><img src="https://m.media-amazon.com/images/I/41CZndsAdkL._SL500_.jpg" alt="Product Image"></a><p>Wenyant 28"+28" Compatible with Ford Edge 2020-2015 Escape 2019-2013 Focus 2018-2012 Fusion 2019-2013 Front Windshield Wiper Blades for My Car Original Equipment Automotive Replacement (Set of 2)</p><p> -10% 0FF </p><p>$17.99</p><a href="https://www.amazon.com/dp/B0BHTHFTJH?tag=eloabder-20&linkCode=osi&th=1&psc=1">View Product</a></div>
<div class="product"><a href="https://www.amazon.com/dp/B098SCL6WY?tag=eloabder-20&linkCode=osi&th=1&psc=1"><img src="https://m.media-amazon.com/images/I/413q5T98ohL._SL500_.jpg" alt="Product Image"></a><p>Car Rooftop Cargo Carrier - 21 Cubic Feet, 100% Waterproof Heavy Duty 840D Car Roof Bag for All Vehicles with/Without Racks - Anti-Slip Mat, 6 Door Hooks, Storage Bag, 2 Extra Straps</p><p> -23% 0FF </p><p>$99.99</p><a href="https://www.amazon.com/dp/B098SCL6WY?tag=eloabder-20&linkCode=osi&th=1&psc=1">View Product</a></div><div class="product"><a href="https://www.amazon.com/dp/B083T53K3P?tag=eloabder-20&linkCode=osi&th=1&psc=1"><img src="https://m.media-amazon.com/images/I/31a-GM0ujxL._SL500_.jpg" alt="Product Image"></a><p>Amazon Basics Cross Rail Roof Rack, 52 inches, Fits up to 46" Spans between Raised Side Rails with Gap, Pack of 2, Black/Silver</p><p> -8% 0FF </p><p>$53.99</p><a href="https://www.amazon.com/dp/B083T53K3P?tag=eloabder-20&linkCode=osi&th=1&psc=1">View Product</a></div><div class="product"><a href="https://www.amazon.com/dp/B0DHVGLZHS?tag=eloabder-20&linkCode=osi&th=1&psc=1"><img src="https://m.media-amazon.com/images/I/31S6dp9t7gL._SL500_.jpg" alt="Product Image"></a><p>VEVOR Universal Roof Rack Cross Bars, 41.3" Aluminum Roof Rack with 155 lbs Load Capacity, Adjustable Roof Crossbars with Locks, fit Cars Without Side Rail, for SUVs, Sedans, and Vans</p><p> -13% 0FF </p><p>$53.99</p><a href="https://www.amazon.com/dp/B0DHVGLZHS?tag=eloabder-20&linkCode=osi&th=1&psc=1">View Product</a></div>

<div class="product"><a href="https://www.amazon.com/dp/B004HCS4NW?tag=eloabder-20&linkCode=osi&th=1&psc=1"><img src="https://m.media-amazon.com/images/I/41j5b6xRqNL._SL500_.jpg" alt="Product Image"></a><p>Meguiar's G2016 Convertible Top Cleaner, 16 Fluid Ounces, Units per Each</p><p> -31% 0FF </p><p>$8.28 ($0.52 / Fl Oz)</p><a href="https://www.amazon.com/dp/B004HCS4NW?tag=eloabder-20&linkCode=osi&th=1&psc=1">View Product</a></div><div class="product"><a href="https://www.amazon.com/dp/B0BS42VY2N?tag=eloabder-20&linkCode=osi&th=1&psc=1"><img src="https://m.media-amazon.com/images/I/4179SVWrunL._SL500_.jpg" alt="Product Image"></a><p>A-Premium Black Convertible Soft Top Compatible with Ford Mustang 2005-2014, Convertible, with Glass Window</p><p> -12% 0FF </p><p>$309.99</p><a href="https://www.amazon.com/dp/B0BS42VY2N?tag=eloabder-20&linkCode=osi&th=1&psc=1">View Product</a></div>
<div class="product"><a href="https://www.amazon.com/dp/B00029CYRG?tag=eloabder-20&linkCode=osi&th=1&psc=1"><img src="https://m.media-amazon.com/images/I/41Hnigm4E8L._SL500_.jpg" alt="Product Image"></a><p>Meguiar's M6732 Marine/RV One Step Compound, Remove Oxidation, Stains, Scratches, and Water Spots, Restore The Color and Shine of Fiberglass Gel Coat Finishes, 32 Oz Bottle</p><p> -10% 0FF </p><p>$19.62 ($0.61 / Fl Oz)</p><a href="https://www.amazon.com/dp/B00029CYRG?tag=eloabder-20&linkCode=osi&th=1&psc=1">View Product</a></div><div class="product"><a href="https://www.amazon.com/dp/B0007TR47G?tag=eloabder-20&linkCode=osi&th=1&psc=1"><img src="https://m.media-amazon.com/images/I/41TJAH5y4lL._SL500_.jpg" alt="Product Image"></a><p>Meguiar's M6332 Flagship Premium Marine Wax, Easy to Use Boat Polish and Wax, Remove Scratches, Swirls, and Oxidation While Leaving Lasting Protection, 32 Oz Bottle</p><p> -30% 0FF </p><p>$24.96</p><a href="https://www.amazon.com/dp/B0007TR47G?tag=eloabder-20&linkCode=osi&th=1&psc=1">View Product</a></div><div class="product"><a href="https://www.amazon.com/dp/B001GXDWGO?tag=eloabder-20&linkCode=osi&th=1&psc=1"><img src="https://m.media-amazon.com/images/I/41Gisw5b70L._SL500_.jpg" alt="Product Image"></a><p>Hardline Products Series 350 Factory Matched 3-Inch Boat & PWC Registration Number Kit, Solid Black - BLK350EC</p><p> -6% 0FF </p><p>$12.10</p><a href="https://www.amazon.com/dp/B001GXDWGO?tag=eloabder-20&linkCode=osi&th=1&psc=1">View Product</a></div><div class="product"><a href="https://www.amazon.com/dp/B0000AY4YT?tag=eloabder-20&linkCode=osi&th=1&psc=1"><img src="https://m.media-amazon.com/images/I/51Dl0tlwnQL._SL500_.jpg" alt="Product Image"></a><p>Meguiar's M4965 Marine/RV Fiberglass Restoration System, 3-Piece Marine Fiberglass Repair Kit Featuring Oxidation Remover for Boat Care Plus Boat Polish and Wax</p><p> -35% 0FF </p><p>$34.63</p><a href="https://www.amazon.com/dp/B0000AY4YT?tag=eloabder-20&linkCode=osi&th=1&psc=1">View Product</a></div>

<div class="product"><a href="https://www.amazon.com/dp/B000MT94QA?tag=eloabder-20&linkCode=osi&th=1&psc=1"><img src="https://m.media-amazon.com/images/I/41j+V11HWVL._SL500_.jpg" alt="Product Image"></a><p>Scepter Duramax Flo ’N Go 14 Gallon (53 Liter) Fueling Station, Portable Gas Caddy and Fuel Transfer Pump with 10-Foot Hose for Lawn Mower, Farm, Marine, Commercial, and Home Use, Gasoline Only, Red</p><p> -8% 0FF </p><p>$141.99</p><a href="https://www.amazon.com/dp/B000MT94QA?tag=eloabder-20&linkCode=osi&th=1&psc=1">View Product</a></div><div class="product"><a href="https://www.amazon.com/dp/B001HVJKSY?tag=eloabder-20&linkCode=osi&th=1&psc=1"><img src="https://m.media-amazon.com/images/I/41yrThZv51L._SL500_.jpg" alt="Product Image"></a><p>RDS MFG INC 72771 Fuel Tank</p><p> -9% 0FF </p><p>$758.78</p><a href="https://www.amazon.com/dp/B001HVJKSY?tag=eloabder-20&linkCode=osi&th=1&psc=1">View Product</a></div>



<div class="product"><a href="https://www.amazon.com/dp/B098WVKF19?tag=eloabder-20&linkCode=osi&th=1&psc=1"><img src="https://m.media-amazon.com/images/I/41IK3vBCYyL._SL500_.jpg" alt="Product Image"></a><p>REDTIGER Dash Cam Front Rear, 4K/2.5K Full HD Dash Camera for Cars, Included 32GB Card, Built-in Wi-Fi GPS, APP Control, 3.18" IPS Screen, Night Vision, Wide Angle, WDR, 24H Parking Mode(F7NP)</p><p> -55% 0FF </p><p>$89.99</p><a href="https://www.amazon.com/dp/B098WVKF19?tag=eloabder-20&linkCode=osi&th=1&psc=1">View Product</a></div><div class="product"><a href="https://www.amazon.com/dp/B0D6J5B98H?tag=eloabder-20&linkCode=osi&th=1&psc=1"><img src="https://m.media-amazon.com/images/I/51SmyQooLuL._SL500_.jpg" alt="Product Image"></a><p>ROVE R2-4K DUAL Dash Cam Front and Rear, STARVIS 2 Sensor, FREE 128GB Card Included, 5G WiFi - up to 20MB/s Fastest Download Speed with App, 4K 2160P/FHD Dash Camera for Cars, 3" IPS, 24H Parking Mode</p><p> -35% 0FF </p><p>$129.99</p><a href="https://www.amazon.com/dp/B0D6J5B98H?tag=eloabder-20&linkCode=osi&th=1&psc=1">View Product</a></div><div class="product"><a href="https://www.amazon.com/dp/B0CKXMKRCS?tag=eloabder-20&linkCode=osi&th=1&psc=1"><img src="https://m.media-amazon.com/images/I/51V46zR7lIL._SL500_.jpg" alt="Product Image"></a><p>Dash Cam WiFi 2K, Car Camera with APP, Front Dash Camera for Cars, Mini Dashcams with WDR Night Vision, 24 Hours Parking Monitor, Loop Recording, G-Sensor</p><p> -33% 0FF </p><p>$39.98</p><a href="https://www.amazon.com/dp/B0CKXMKRCS?tag=eloabder-20&linkCode=osi&th=1&psc=1">View Product</a></div><div class="product"><a href="https://www.amazon.com/dp/B0C2Y6WXJ7?tag=eloabder-20&linkCode=osi&th=1&psc=1"><img src="https://m.media-amazon.com/images/I/51osSkFBZDL._SL500_.jpg" alt="Product Image"></a><p>Dash Cam Front and Rear, 1080P Dash Camera for Cars, 3 Channel Car Camera Front Rear and Inside with 32GB Card, Loop Recording, Night Vision, HDR, G-Sensor, 24Hr Parking</p><p> -14% 0FF </p><p>$59.99</p><a href="https://www.amazon.com/dp/B0C2Y6WXJ7?tag=eloabder-20&linkCode=osi&th=1&psc=1">View Product</a></div><div class="product"><a href="https://www.amazon.com/dp/B0C6YBHKJ5?tag=eloabder-20&linkCode=osi&th=1&psc=1"><img src="https://m.media-amazon.com/images/I/51ktc2240CL._SL500_.jpg" alt="Product Image"></a><p>REDTIGER 4K Dash Cam Front and Rear, STARVIS 2 Sensor, Touch Screen 3.18", 128GB Card Included, Voice Control, 5.8GHz WiFi Car Dash Camera, GPS, Night Vision, Emergency Lock, Parking Mode (F7N Touch)</p><p> -25% 0FF </p><p>$149.99</p><a href="https://www.amazon.com/dp/B0C6YBHKJ5?tag=eloabder-20&linkCode=osi&th=1&psc=1">View Product</a></div><div class="product"><a href="https://www.amazon.com/dp/B0BKF6XQVY?tag=eloabder-20&linkCode=osi&th=1&psc=1"><img src="https://m.media-amazon.com/images/I/41kQ6r03ocL._SL500_.jpg" alt="Product Image"></a><p>ARIFAYZ Dash Cam Front and Rear 4K+1080P, Free 64GB Card, Built-in WiFi, Dash Camera for Cars, Car Camera, Dual Dashcams for Cars with Night Vision, 24 Hours Parking Monitor, Loop Recording</p><p> -10% 0FF </p><p>$89.99</p><a href="https://www.amazon.com/dp/B0BKF6XQVY?tag=eloabder-20&linkCode=osi&th=1&psc=1">View Product</a></div>
<div class="product"><a href="https://www.amazon.com/dp/B07LF7YBNF?tag=eloabder-20&linkCode=osi&th=1&psc=1"><img src="https://m.media-amazon.com/images/I/514tDraUiKL._SL500_.jpg" alt="Product Image"></a><p>BANVIE Car Alarm System, Security Antitheft Alarm Systems with Keyless Entry, with Microwave Sensor & Shock Sensor</p><p> -11% 0FF </p><p>$32.99</p><a href="https://www.amazon.com/dp/B07LF7YBNF?tag=eloabder-20&linkCode=osi&th=1&psc=1">View Product</a></div>
<div class="product"><a href="https://www.amazon.com/dp/B07FT6R38V?tag=eloabder-20&linkCode=osi&th=1&psc=1"><img src="https://m.media-amazon.com/images/I/51PS4hJmevL._SL500_.jpg" alt="Product Image"></a><p>LIANXIN Roadside Assistance Emergency Kit - Car Emergency Kit with Jumper Cables (Upgraded) Emergency Roadside Kit for Car 142 Pieces Car Safety Kits,Tow Strap,Tool Kit,Reflective Warning Triangle</p><p> -5% 0FF </p><p>$39.99</p><a href="https://www.amazon.com/dp/B07FT6R38V?tag=eloabder-20&linkCode=osi&th=1&psc=1">View Product</a></div><div class="product"><a href="https://www.amazon.com/dp/B07BR7Q4RG?tag=eloabder-20&linkCode=osi&th=1&psc=1"><img src="https://m.media-amazon.com/images/I/51wT7DxPZ-L._SL500_.jpg" alt="Product Image"></a><p>STDY Car Roadside Emergency Kit, Vehicle Truck Safety Road Side Assistance Kits Auto Accessory, with Jumper Cables, First Aid Kit, Tow Rope, Reflective Triangle, Tire Pressure Gauge, etc</p><p> -36% 0FF </p><p>$34.99</p><a href="https://www.amazon.com/dp/B07BR7Q4RG?tag=eloabder-20&linkCode=osi&th=1&psc=1">View Product</a></div><div class="product"><a href="https://www.amazon.com/dp/B08RS888RH?tag=eloabder-20&linkCode=osi&th=1&psc=1"><img src="https://m.media-amazon.com/images/I/511WieELkPL._SL500_.jpg" alt="Product Image"></a><p>Vetoos Car Roadside Emergency Kit with Jumper Cables, Auto Vehicle Safety Road Side Assistance Kits, Winter Car Kit Essentials for Women and Men, with Car Repair Tool Set, Folding Survival Shovel</p><p> -33% 0FF </p><p>$39.99</p><a href="https://www.amazon.com/dp/B08RS888RH?tag=eloabder-20&linkCode=osi&th=1&psc=1">View Product</a></div><div class="product"><a href="https://www.amazon.com/dp/B086ZZ145D?tag=eloabder-20&linkCode=osi&th=1&psc=1"><img src="https://m.media-amazon.com/images/I/517daXfVHHL._SL500_.jpg" alt="Product Image"></a><p>Vetoos Roadside Emergency Car Kit with Jumper Cables, Auto Vehicle Safety Road Side Assistance Kit Essentials, Winter Car Kit for Women and Men, with Mini Car Tool Set, Dial Tire Pressure Gauge</p><p> -30% 0FF </p><p>$34.99</p><a href="https://www.amazon.com/dp/B086ZZ145D?tag=eloabder-20&linkCode=osi&th=1&psc=1">View Product</a></div><div class="product"><a href="https://www.amazon.com/dp/B09QXJF7C5?tag=eloabder-20&linkCode=osi&th=1&psc=1"><img src="https://m.media-amazon.com/images/I/51Mvi43rtIL._SL500_.jpg" alt="Product Image"></a><p>WETBAS Car Roadside Emergency Kit, Auto Vehicle Safety Emergency Road Side Assistance Kits Essentials, Solenoid Starter Repair Kit with Jumper Cables, Safety Hammer, Reflective Warning Triangle</p><p> -36% 0FF </p><p>$34.98</p><a href="https://www.amazon.com/dp/B09QXJF7C5?tag=eloabder-20&linkCode=osi&th=1&psc=1">View Product</a></div>

<div class="product"><a href="https://www.amazon.com/dp/B0DH1TN5BW?tag=eloabder-20&linkCode=osi&th=1&psc=1"><img src="https://m.media-amazon.com/images/I/411obZQLkyL._SL500_.jpg" alt="Product Image"></a><p>Miroddi Keychain with Smart Tracker, Men's Keychain Works with Find My App, Heavy Duty Car Key Chains with Bottle Opener Fob Carabiner, Key Finder GPS Tracker, Rechargeable, Gunmetal</p><p> -10% 0FF </p><p>$29.69</p><a href="https://www.amazon.com/dp/B0DH1TN5BW?tag=eloabder-20&linkCode=osi&th=1&psc=1">View Product</a></div><div class="product"><a href="https://www.amazon.com/dp/B09XM96H87?tag=eloabder-20&linkCode=osi&th=1&psc=1"><img src="https://m.media-amazon.com/images/I/41Fo2NZJx5L._SL500_.jpg" alt="Product Image"></a><p>SinoTrack Digital GPS Speedometer Universal Heads Up Display for Car 5.5 inch Large LCD Display HUD with MPH Speed Fatigued Driving Alert Overspeed Alarm Trip Meter for All Vehicle</p><p> -9% 0FF </p><p>$29.98</p><a href="https://www.amazon.com/dp/B09XM96H87?tag=eloabder-20&linkCode=osi&th=1&psc=1">View Product</a></div><div class="product"><a href="https://www.amazon.com/dp/B0DLBDTFL7?tag=eloabder-20&linkCode=osi&th=1&psc=1"><img src="https://m.media-amazon.com/images/I/41NGzpkL0sL._SL500_.jpg" alt="Product Image"></a><p>GPS Navigator for Car Truck RV, Latest 2025 Map, 7 inch Touch Screen Real Voice Spoken Turn-by-Turn Direction Reminding Navigation System for Cars, Vehicle GPS with Speed and Red Light Warning (Blue)</p><p> -19% 0FF </p><p>$56.99</p><a href="https://www.amazon.com/dp/B0DLBDTFL7?tag=eloabder-20&linkCode=osi&th=1&psc=1">View Product</a></div><div class="product"><a href="https://www.amazon.com/dp/B0B5M53F92?tag=eloabder-20&linkCode=osi&th=1&psc=1"><img src="https://m.media-amazon.com/images/I/41jXjmrwkOL._SL500_.jpg" alt="Product Image"></a><p>Premium GPS Tracking Sticker for car, Bike, Motorcycle Anti-Theft Stickers This Vehicle Protected by Warning Tracker Sticker Decal Self Adhesive Sign 4" x 2" Vinyl — UV Resistent (Pack of 2)</p><p> -15% 0FF </p><p>$4.99 ($2.50 / Count)</p><a href="https://www.amazon.com/dp/B0B5M53F92?tag=eloabder-20&linkCode=osi&th=1&psc=1">View Product</a></div>
<div class="product"><a href="https://www.amazon.com/dp/B083GHXFTJ?tag=eloabder-20&linkCode=osi&th=1&psc=1"><img src="https://m.media-amazon.com/images/I/51YLCVtIhJL._SL500_.jpg" alt="Product Image"></a><p>Winzwon Interior Led Lights for Car Accessories for Women Men, Birthday Gifts for Men Him, APP Control with USB Port Music Sync Color Change Lights for Jeep Truck Decor, 12V</p><p> -23% 0FF </p><p>$9.99 ($2.50 / Count)</p><a href="https://www.amazon.com/dp/B083GHXFTJ?tag=eloabder-20&linkCode=osi&th=1&psc=1">View Product</a></div><div class="product"><a href="https://www.amazon.com/dp/B08F9PF2Y5?tag=eloabder-20&linkCode=osi&th=1&psc=1"><img src="https://m.media-amazon.com/images/I/51erdB7xL4L._SL500_.jpg" alt="Product Image"></a><p>Interior Car LED Strip Lights APP Control, 5 in 1 RGB 16 Million Colors Ambient Lighting Kit with 236 inches Fiber Optic, Music Mode Inside Car Lighting Decorations</p><p> -5% 0FF </p><p>$20.88</p><a href="https://www.amazon.com/dp/B08F9PF2Y5?tag=eloabder-20&linkCode=osi&th=1&psc=1">View Product</a></div><div class="product"><a href="https://www.amazon.com/dp/B097CB5WXB?tag=eloabder-20&linkCode=osi&th=1&psc=1"><img src="https://m.media-amazon.com/images/I/51T-wkU4nKL._SL500_.jpg" alt="Product Image"></a><p>Interior Car Lights Keepsmile Car Accessories APP Control with Remote Music Sync Color Change RGB Under Dash Lighting with Charger 12V LED Lights Running Board Lights</p><p> -20% 0FF </p><p>$15.99</p><a href="https://www.amazon.com/dp/B097CB5WXB?tag=eloabder-20&linkCode=osi&th=1&psc=1">View Product</a></div>
<div class="product"><a href="https://www.amazon.com/dp/B0CDBQT23P?tag=eloabder-20&linkCode=osi&th=1&psc=1"><img src="https://m.media-amazon.com/images/I/41+xWbXza3L._SL500_.jpg" alt="Product Image"></a><p>AUXITO 9005/HB3 H11/H8/H9 LED Bulbs Combo, 50000LM Bright 6500K Cool White, 120W Fanless Light Bulbs, Pack of 4</p><p> -22% 0FF </p><p>$69.98</p><a href="https://www.amazon.com/dp/B0CDBQT23P?tag=eloabder-20&linkCode=osi&th=1&psc=1">View Product</a></div><div class="product"><a href="https://www.amazon.com/dp/B0D1YGCQH1?tag=eloabder-20&linkCode=osi&th=1&psc=1"><img src="https://m.media-amazon.com/images/I/51Q44nlhKJL._SL500_.jpg" alt="Product Image"></a><p>Marsauto M1S 9005/HB3 H11/H8/H9 Light Bulbs Combo, 800% Super Brighter H11 9005 Bulbs or Fog, 6000K HB3 H9 Cool White, 3 Min Plug and Play Lights Combo, IP68, Pack of 4</p><p> -35% 0FF </p><p>$45.59 ($11.40 / Count)</p><a href="https://www.amazon.com/dp/B0D1YGCQH1?tag=eloabder-20&linkCode=osi&th=1&psc=1">View Product</a></div><div class="product"><a href="https://www.amazon.com/dp/B0F4CZ32P6?tag=eloabder-20&linkCode=osi&th=1&psc=1"><img src="https://m.media-amazon.com/images/I/41-t621Z4+L._SL500_.jpg" alt="Product Image"></a><p>AUTOONE Upgraded H7/H7LL LED Light Bulb, Super Bright Real 1:1 Halogen Mini Size, 10-Year Extended Lifespan, 6500K White Illumination for Automotive Fog Lights, Plug and Play, Pack of 2</p><p> -8% 0FF </p><p>$36.99 ($18.50 / Count)</p><a href="https://www.amazon.com/dp/B0F4CZ32P6?tag=eloabder-20&linkCode=osi&th=1&psc=1">View Product</a></div>
<div class="product"><a href="https://www.amazon.com/dp/B08BHN2NN1?tag=eloabder-20&linkCode=osi&th=1&psc=1"><img src="https://m.media-amazon.com/images/I/41ddySbPN-L._SL500_.jpg" alt="Product Image"></a><p>EMITHSUN OEM QUALITY 26" + 16" Premium All-Seasons Stable And Quiet Windshield Wiper Blades(Set of 2)</p><p> -15% 0FF </p><p>$16.99</p><a href="https://www.amazon.com/dp/B08BHN2NN1?tag=eloabder-20&linkCode=osi&th=1&psc=1">View Product</a></div><div class="product"><a href="https://www.amazon.com/dp/B08MF13665?tag=eloabder-20&linkCode=osi&th=1&psc=1"><img src="https://m.media-amazon.com/images/I/51I-r5q796L._SL500_.jpg" alt="Product Image"></a><p>AUTOBOO 26" and 18" Windshield Wipers Blades (Pack Of 2),OEM Quality Premium All-Seasons Wiper blades,Stable and Quiet Armor wiper blades</p><p> -20% 0FF </p><p>$15.98</p><a href="https://www.amazon.com/dp/B08MF13665?tag=eloabder-20&linkCode=osi&th=1&psc=1">View Product</a></div><div class="product"><a href="https://www.amazon.com/dp/B088RJ168L?tag=eloabder-20&linkCode=osi&th=1&psc=1"><img src="https://m.media-amazon.com/images/I/410IqJ2r+hL._SL500_.jpg" alt="Product Image"></a><p>OEM QUALITY 26" + 19" PARRATI Premium All-Season Windshield Wiper Blades (Set of 2)</p><p> -13% 0FF </p><p>$17.39</p><a href="https://www.amazon.com/dp/B088RJ168L?tag=eloabder-20&linkCode=osi&th=1&psc=1">View Product</a></div><div class="product"><a href="https://www.amazon.com/dp/B0BHTHFTJH?tag=eloabder-20&linkCode=osi&th=1&psc=1"><img src="https://m.media-amazon.com/images/I/41CZndsAdkL._SL500_.jpg" alt="Product Image"></a><p>Wenyant 28"+28" Compatible with Ford Edge 2020-2015 Escape 2019-2013 Focus 2018-2012 Fusion 2019-2013 Front Windshield Wiper Blades for My Car Original Equipment Automotive Replacement (Set of 2)</p><p> -10% 0FF </p><p>$17.99</p><a href="https://www.amazon.com/dp/B0BHTHFTJH?tag=eloabder-20&linkCode=osi&th=1&psc=1">View Product</a></div>
<div class="product"><a href="https://www.amazon.com/dp/B098SCL6WY?tag=eloabder-20&linkCode=osi&th=1&psc=1"><img src="https://m.media-amazon.com/images/I/413q5T98ohL._SL500_.jpg" alt="Product Image"></a><p>Car Rooftop Cargo Carrier - 21 Cubic Feet, 100% Waterproof Heavy Duty 840D Car Roof Bag for All Vehicles with/Without Racks - Anti-Slip Mat, 6 Door Hooks, Storage Bag, 2 Extra Straps</p><p> -23% 0FF </p><p>$99.99</p><a href="https://www.amazon.com/dp/B098SCL6WY?tag=eloabder-20&linkCode=osi&th=1&psc=1">View Product</a></div><div class="product"><a href="https://www.amazon.com/dp/B083T53K3P?tag=eloabder-20&linkCode=osi&th=1&psc=1"><img src="https://m.media-amazon.com/images/I/31a-GM0ujxL._SL500_.jpg" alt="Product Image"></a><p>Amazon Basics Cross Rail Roof Rack, 52 inches, Fits up to 46" Spans between Raised Side Rails with Gap, Pack of 2, Black/Silver</p><p> -8% 0FF </p><p>$53.99</p><a href="https://www.amazon.com/dp/B083T53K3P?tag=eloabder-20&linkCode=osi&th=1&psc=1">View Product</a></div><div class="product"><a href="https://www.amazon.com/dp/B0DHVGLZHS?tag=eloabder-20&linkCode=osi&th=1&psc=1"><img src="https://m.media-amazon.com/images/I/31S6dp9t7gL._SL500_.jpg" alt="Product Image"></a><p>VEVOR Universal Roof Rack Cross Bars, 41.3" Aluminum Roof Rack with 155 lbs Load Capacity, Adjustable Roof Crossbars with Locks, fit Cars Without Side Rail, for SUVs, Sedans, and Vans</p><p> -13% 0FF </p><p>$53.99</p><a href="https://www.amazon.com/dp/B0DHVGLZHS?tag=eloabder-20&linkCode=osi&th=1&psc=1">View Product</a></div>
<div class="product"><a href="https://www.amazon.com/dp/B000AAYBSW?tag=eloabder-20&linkCode=osi&th=1&psc=1"><img src="https://m.media-amazon.com/images/I/41YERSWqFDL._SL500_.jpg" alt="Product Image"></a><p>BELL Double Back Two-Bike Trunk Rack</p><p> -41% 0FF </p><p>$47.99</p><a href="https://www.amazon.com/dp/B000AAYBSW?tag=eloabder-20&linkCode=osi&th=1&psc=1">View Product</a></div>

<div class="product"><a href="https://www.amazon.com/dp/B004HCS4NW?tag=eloabder-20&linkCode=osi&th=1&psc=1"><img src="https://m.media-amazon.com/images/I/41j5b6xRqNL._SL500_.jpg" alt="Product Image"></a><p>Meguiar's G2016 Convertible Top Cleaner, 16 Fluid Ounces, Units per Each</p><p> -31% 0FF </p><p>$8.28 ($0.52 / Fl Oz)</p><a href="https://www.amazon.com/dp/B004HCS4NW?tag=eloabder-20&linkCode=osi&th=1&psc=1">View Product</a></div><div class="product"><a href="https://www.amazon.com/dp/B0BS42VY2N?tag=eloabder-20&linkCode=osi&th=1&psc=1"><img src="https://m.media-amazon.com/images/I/4179SVWrunL._SL500_.jpg" alt="Product Image"></a><p>A-Premium Black Convertible Soft Top Compatible with Ford Mustang 2005-2014, Convertible, with Glass Window</p><p> -12% 0FF </p><p>$309.99</p><a href="https://www.amazon.com/dp/B0BS42VY2N?tag=eloabder-20&linkCode=osi&th=1&psc=1">View Product</a></div>
<div class="product"><a href="https://www.amazon.com/dp/B00029CYRG?tag=eloabder-20&linkCode=osi&th=1&psc=1"><img src="https://m.media-amazon.com/images/I/41Hnigm4E8L._SL500_.jpg" alt="Product Image"></a><p>Meguiar's M6732 Marine/RV One Step Compound, Remove Oxidation, Stains, Scratches, and Water Spots, Restore The Color and Shine of Fiberglass Gel Coat Finishes, 32 Oz Bottle</p><p> -10% 0FF </p><p>$19.62 ($0.61 / Fl Oz)</p><a href="https://www.amazon.com/dp/B00029CYRG?tag=eloabder-20&linkCode=osi&th=1&psc=1">View Product</a></div><div class="product"><a href="https://www.amazon.com/dp/B0007TR47G?tag=eloabder-20&linkCode=osi&th=1&psc=1"><img src="https://m.media-amazon.com/images/I/41TJAH5y4lL._SL500_.jpg" alt="Product Image"></a><p>Meguiar's M6332 Flagship Premium Marine Wax, Easy to Use Boat Polish and Wax, Remove Scratches, Swirls, and Oxidation While Leaving Lasting Protection, 32 Oz Bottle</p><p> -30% 0FF </p><p>$24.96</p><a href="https://www.amazon.com/dp/B0007TR47G?tag=eloabder-20&linkCode=osi&th=1&psc=1">View Product</a></div><div class="product"><a href="https://www.amazon.com/dp/B001GXDWGO?tag=eloabder-20&linkCode=osi&th=1&psc=1"><img src="https://m.media-amazon.com/images/I/41Gisw5b70L._SL500_.jpg" alt="Product Image"></a><p>Hardline Products Series 350 Factory Matched 3-Inch Boat & PWC Registration Number Kit, Solid Black - BLK350EC</p><p> -6% 0FF </p><p>$12.10</p><a href="https://www.amazon.com/dp/B001GXDWGO?tag=eloabder-20&linkCode=osi&th=1&psc=1">View Product</a></div><div class="product"><a href="https://www.amazon.com/dp/B0000AY4YT?tag=eloabder-20&linkCode=osi&th=1&psc=1"><img src="https://m.media-amazon.com/images/I/51Dl0tlwnQL._SL500_.jpg" alt="Product Image"></a><p>Meguiar's M4965 Marine/RV Fiberglass Restoration System, 3-Piece Marine Fiberglass Repair Kit Featuring Oxidation Remover for Boat Care Plus Boat Polish and Wax</p><p> -35% 0FF </p><p>$34.63</p><a href="https://www.amazon.com/dp/B0000AY4YT?tag=eloabder-20&linkCode=osi&th=1&psc=1">View Product</a></div>

<div class="product"><a href="https://www.amazon.com/dp/B000MT94QA?tag=eloabder-20&linkCode=osi&th=1&psc=1"><img src="https://m.media-amazon.com/images/I/41j+V11HWVL._SL500_.jpg" alt="Product Image"></a><p>Scepter Duramax Flo ’N Go 14 Gallon (53 Liter) Fueling Station, Portable Gas Caddy and Fuel Transfer Pump with 10-Foot Hose for Lawn Mower, Farm, Marine, Commercial, and Home Use, Gasoline Only, Red</p><p> -8% 0FF </p><p>$141.99</p><a href="https://www.amazon.com/dp/B000MT94QA?tag=eloabder-20&linkCode=osi&th=1&psc=1">View Product</a></div><div class="product"><a href="https://www.amazon.com/dp/B001HVJKSY?tag=eloabder-20&linkCode=osi&th=1&psc=1"><img src="https://m.media-amazon.com/images/I/41yrThZv51L._SL500_.jpg" alt="Product Image"></a><p>RDS MFG INC 72771 Fuel Tank</p><p> -9% 0FF </p><p>$758.78</p><a href="https://www.amazon.com/dp/B001HVJKSY?tag=eloabder-20&linkCode=osi&th=1&psc=1">View Product</a></div>



<div class="product"><a href="https://www.amazon.com/dp/B098WVKF19?tag=eloabder-20&linkCode=osi&th=1&psc=1"><img src="https://m.media-amazon.com/images/I/41IK3vBCYyL._SL500_.jpg" alt="Product Image"></a><p>REDTIGER Dash Cam Front Rear, 4K/2.5K Full HD Dash Camera for Cars, Included 32GB Card, Built-in Wi-Fi GPS, APP Control, 3.18" IPS Screen, Night Vision, Wide Angle, WDR, 24H Parking Mode(F7NP)</p><p> -55% 0FF </p><p>$89.99</p><a href="https://www.amazon.com/dp/B098WVKF19?tag=eloabder-20&linkCode=osi&th=1&psc=1">View Product</a></div><div class="product"><a href="https://www.amazon.com/dp/B0D6J5B98H?tag=eloabder-20&linkCode=osi&th=1&psc=1"><img src="https://m.media-amazon.com/images/I/51SmyQooLuL._SL500_.jpg" alt="Product Image"></a><p>ROVE R2-4K DUAL Dash Cam Front and Rear, STARVIS 2 Sensor, FREE 128GB Card Included, 5G WiFi - up to 20MB/s Fastest Download Speed with App, 4K 2160P/FHD Dash Camera for Cars, 3" IPS, 24H Parking Mode</p><p> -35% 0FF </p><p>$129.99</p><a href="https://www.amazon.com/dp/B0D6J5B98H?tag=eloabder-20&linkCode=osi&th=1&psc=1">View Product</a></div><div class="product"><a href="https://www.amazon.com/dp/B0CKXMKRCS?tag=eloabder-20&linkCode=osi&th=1&psc=1"><img src="https://m.media-amazon.com/images/I/51V46zR7lIL._SL500_.jpg" alt="Product Image"></a><p>Dash Cam WiFi 2K, Car Camera with APP, Front Dash Camera for Cars, Mini Dashcams with WDR Night Vision, 24 Hours Parking Monitor, Loop Recording, G-Sensor</p><p> -33% 0FF </p><p>$39.98</p><a href="https://www.amazon.com/dp/B0CKXMKRCS?tag=eloabder-20&linkCode=osi&th=1&psc=1">View Product</a></div><div class="product"><a href="https://www.amazon.com/dp/B0C2Y6WXJ7?tag=eloabder-20&linkCode=osi&th=1&psc=1"><img src="https://m.media-amazon.com/images/I/51osSkFBZDL._SL500_.jpg" alt="Product Image"></a><p>Dash Cam Front and Rear, 1080P Dash Camera for Cars, 3 Channel Car Camera Front Rear and Inside with 32GB Card, Loop Recording, Night Vision, HDR, G-Sensor, 24Hr Parking</p><p> -14% 0FF </p><p>$59.99</p><a href="https://www.amazon.com/dp/B0C2Y6WXJ7?tag=eloabder-20&linkCode=osi&th=1&psc=1">View Product</a></div><div class="product"><a href="https://www.amazon.com/dp/B0C6YBHKJ5?tag=eloabder-20&linkCode=osi&th=1&psc=1"><img src="https://m.media-amazon.com/images/I/51ktc2240CL._SL500_.jpg" alt="Product Image"></a><p>REDTIGER 4K Dash Cam Front and Rear, STARVIS 2 Sensor, Touch Screen 3.18", 128GB Card Included, Voice Control, 5.8GHz WiFi Car Dash Camera, GPS, Night Vision, Emergency Lock, Parking Mode (F7N Touch)</p><p> -25% 0FF </p><p>$149.99</p><a href="https://www.amazon.com/dp/B0C6YBHKJ5?tag=eloabder-20&linkCode=osi&th=1&psc=1">View Product</a></div><div class="product"><a href="https://www.amazon.com/dp/B0BKF6XQVY?tag=eloabder-20&linkCode=osi&th=1&psc=1"><img src="https://m.media-amazon.com/images/I/41kQ6r03ocL._SL500_.jpg" alt="Product Image"></a><p>ARIFAYZ Dash Cam Front and Rear 4K+1080P, Free 64GB Card, Built-in WiFi, Dash Camera for Cars, Car Camera, Dual Dashcams for Cars with Night Vision, 24 Hours Parking Monitor, Loop Recording</p><p> -10% 0FF </p><p>$89.99</p><a href="https://www.amazon.com/dp/B0BKF6XQVY?tag=eloabder-20&linkCode=osi&th=1&psc=1">View Product</a></div>
<div class="product"><a href="https://www.amazon.com/dp/B07LF7YBNF?tag=eloabder-20&linkCode=osi&th=1&psc=1"><img src="https://m.media-amazon.com/images/I/514tDraUiKL._SL500_.jpg" alt="Product Image"></a><p>BANVIE Car Alarm System, Security Antitheft Alarm Systems with Keyless Entry, with Microwave Sensor & Shock Sensor</p><p> -11% 0FF </p><p>$32.99</p><a href="https://www.amazon.com/dp/B07LF7YBNF?tag=eloabder-20&linkCode=osi&th=1&psc=1">View Product</a></div>
<div class="product"><a href="https://www.amazon.com/dp/B07FT6R38V?tag=eloabder-20&linkCode=osi&th=1&psc=1"><img src="https://m.media-amazon.com/images/I/51PS4hJmevL._SL500_.jpg" alt="Product Image"></a><p>LIANXIN Roadside Assistance Emergency Kit - Car Emergency Kit with Jumper Cables (Upgraded) Emergency Roadside Kit for Car 142 Pieces Car Safety Kits,Tow Strap,Tool Kit,Reflective Warning Triangle</p><p> -5% 0FF </p><p>$39.99</p><a href="https://www.amazon.com/dp/B07FT6R38V?tag=eloabder-20&linkCode=osi&th=1&psc=1">View Product</a></div><div class="product"><a href="https://www.amazon.com/dp/B07BR7Q4RG?tag=eloabder-20&linkCode=osi&th=1&psc=1"><img src="https://m.media-amazon.com/images/I/51wT7DxPZ-L._SL500_.jpg" alt="Product Image"></a><p>STDY Car Roadside Emergency Kit, Vehicle Truck Safety Road Side Assistance Kits Auto Accessory, with Jumper Cables, First Aid Kit, Tow Rope, Reflective Triangle, Tire Pressure Gauge, etc</p><p> -36% 0FF </p><p>$34.99</p><a href="https://www.amazon.com/dp/B07BR7Q4RG?tag=eloabder-20&linkCode=osi&th=1&psc=1">View Product</a></div><div class="product"><a href="https://www.amazon.com/dp/B08RS888RH?tag=eloabder-20&linkCode=osi&th=1&psc=1"><img src="https://m.media-amazon.com/images/I/511WieELkPL._SL500_.jpg" alt="Product Image"></a><p>Vetoos Car Roadside Emergency Kit with Jumper Cables, Auto Vehicle Safety Road Side Assistance Kits, Winter Car Kit Essentials for Women and Men, with Car Repair Tool Set, Folding Survival Shovel</p><p> -33% 0FF </p><p>$39.99</p><a href="https://www.amazon.com/dp/B08RS888RH?tag=eloabder-20&linkCode=osi&th=1&psc=1">View Product</a></div><div class="product"><a href="https://www.amazon.com/dp/B086ZZ145D?tag=eloabder-20&linkCode=osi&th=1&psc=1"><img src="https://m.media-amazon.com/images/I/517daXfVHHL._SL500_.jpg" alt="Product Image"></a><p>Vetoos Roadside Emergency Car Kit with Jumper Cables, Auto Vehicle Safety Road Side Assistance Kit Essentials, Winter Car Kit for Women and Men, with Mini Car Tool Set, Dial Tire Pressure Gauge</p><p> -30% 0FF </p><p>$34.99</p><a href="https://www.amazon.com/dp/B086ZZ145D?tag=eloabder-20&linkCode=osi&th=1&psc=1">View Product</a></div><div class="product"><a href="https://www.amazon.com/dp/B09QXJF7C5?tag=eloabder-20&linkCode=osi&th=1&psc=1"><img src="https://m.media-amazon.com/images/I/51Mvi43rtIL._SL500_.jpg" alt="Product Image"></a><p>WETBAS Car Roadside Emergency Kit, Auto Vehicle Safety Emergency Road Side Assistance Kits Essentials, Solenoid Starter Repair Kit with Jumper Cables, Safety Hammer, Reflective Warning Triangle</p><p> -36% 0FF </p><p>$34.98</p><a href="https://www.amazon.com/dp/B09QXJF7C5?tag=eloabder-20&linkCode=osi&th=1&psc=1">View Product</a></div>

<div class="product"><a href="https://www.amazon.com/dp/B0DH1TN5BW?tag=eloabder-20&linkCode=osi&th=1&psc=1"><img src="https://m.media-amazon.com/images/I/411obZQLkyL._SL500_.jpg" alt="Product Image"></a><p>Miroddi Keychain with Smart Tracker, Men's Keychain Works with Find My App, Heavy Duty Car Key Chains with Bottle Opener Fob Carabiner, Key Finder GPS Tracker, Rechargeable, Gunmetal</p><p> -10% 0FF </p><p>$29.69</p><a href="https://www.amazon.com/dp/B0DH1TN5BW?tag=eloabder-20&linkCode=osi&th=1&psc=1">View Product</a></div><div class="product"><a href="https://www.amazon.com/dp/B09XM96H87?tag=eloabder-20&linkCode=osi&th=1&psc=1"><img src="https://m.media-amazon.com/images/I/41Fo2NZJx5L._SL500_.jpg" alt="Product Image"></a><p>SinoTrack Digital GPS Speedometer Universal Heads Up Display for Car 5.5 inch Large LCD Display HUD with MPH Speed Fatigued Driving Alert Overspeed Alarm Trip Meter for All Vehicle</p><p> -9% 0FF </p><p>$29.98</p><a href="https://www.amazon.com/dp/B09XM96H87?tag=eloabder-20&linkCode=osi&th=1&psc=1">View Product</a></div><div class="product"><a href="https://www.amazon.com/dp/B0DLBDTFL7?tag=eloabder-20&linkCode=osi&th=1&psc=1"><img src="https://m.media-amazon.com/images/I/41NGzpkL0sL._SL500_.jpg" alt="Product Image"></a><p>GPS Navigator for Car Truck RV, Latest 2025 Map, 7 inch Touch Screen Real Voice Spoken Turn-by-Turn Direction Reminding Navigation System for Cars, Vehicle GPS with Speed and Red Light Warning (Blue)</p><p> -19% 0FF </p><p>$56.99</p><a href="https://www.amazon.com/dp/B0DLBDTFL7?tag=eloabder-20&linkCode=osi&th=1&psc=1">View Product</a></div><div class="product"><a href="https://www.amazon.com/dp/B0B5M53F92?tag=eloabder-20&linkCode=osi&th=1&psc=1"><img src="https://m.media-amazon.com/images/I/41jXjmrwkOL._SL500_.jpg" alt="Product Image"></a><p>Premium GPS Tracking Sticker for car, Bike, Motorcycle Anti-Theft Stickers This Vehicle Protected by Warning Tracker Sticker Decal Self Adhesive Sign 4" x 2" Vinyl — UV Resistent (Pack of 2)</p><p> -15% 0FF </p><p>$4.99 ($2.50 / Count)</p><a href="https://www.amazon.com/dp/B0B5M53F92?tag=eloabder-20&linkCode=osi&th=1&psc=1">View Product</a></div>
<div class="product"><a href="https://www.amazon.com/dp/B083GHXFTJ?tag=eloabder-20&linkCode=osi&th=1&psc=1"><img src="https://m.media-amazon.com/images/I/51YLCVtIhJL._SL500_.jpg" alt="Product Image"></a><p>Winzwon Interior Led Lights for Car Accessories for Women Men, Birthday Gifts for Men Him, APP Control with USB Port Music Sync Color Change Lights for Jeep Truck Decor, 12V</p><p> -23% 0FF </p><p>$9.99 ($2.50 / Count)</p><a href="https://www.amazon.com/dp/B083GHXFTJ?tag=eloabder-20&linkCode=osi&th=1&psc=1">View Product</a></div><div class="product"><a href="https://www.amazon.com/dp/B08F9PF2Y5?tag=eloabder-20&linkCode=osi&th=1&psc=1"><img src="https://m.media-amazon.com/images/I/51erdB7xL4L._SL500_.jpg" alt="Product Image"></a><p>Interior Car LED Strip Lights APP Control, 5 in 1 RGB 16 Million Colors Ambient Lighting Kit with 236 inches Fiber Optic, Music Mode Inside Car Lighting Decorations</p><p> -5% 0FF </p><p>$20.88</p><a href="https://www.amazon.com/dp/B08F9PF2Y5?tag=eloabder-20&linkCode=osi&th=1&psc=1">View Product</a></div><div class="product"><a href="https://www.amazon.com/dp/B097CB5WXB?tag=eloabder-20&linkCode=osi&th=1&psc=1"><img src="https://m.media-amazon.com/images/I/51T-wkU4nKL._SL500_.jpg" alt="Product Image"></a><p>Interior Car Lights Keepsmile Car Accessories APP Control with Remote Music Sync Color Change RGB Under Dash Lighting with Charger 12V LED Lights Running Board Lights</p><p> -20% 0FF </p><p>$15.99</p><a href="https://www.amazon.com/dp/B097CB5WXB?tag=eloabder-20&linkCode=osi&th=1&psc=1">View Product</a></div>
<div class="product"><a href="https://www.amazon.com/dp/B0CDBQT23P?tag=eloabder-20&linkCode=osi&th=1&psc=1"><img src="https://m.media-amazon.com/images/I/41+xWbXza3L._SL500_.jpg" alt="Product Image"></a><p>AUXITO 9005/HB3 H11/H8/H9 LED Bulbs Combo, 50000LM Bright 6500K Cool White, 120W Fanless Light Bulbs, Pack of 4</p><p> -22% 0FF </p><p>$69.98</p><a href="https://www.amazon.com/dp/B0CDBQT23P?tag=eloabder-20&linkCode=osi&th=1&psc=1">View Product</a></div><div class="product"><a href="https://www.amazon.com/dp/B0D1YGCQH1?tag=eloabder-20&linkCode=osi&th=1&psc=1"><img src="https://m.media-amazon.com/images/I/51Q44nlhKJL._SL500_.jpg" alt="Product Image"></a><p>Marsauto M1S 9005/HB3 H11/H8/H9 Light Bulbs Combo, 800% Super Brighter H11 9005 Bulbs or Fog, 6000K HB3 H9 Cool White, 3 Min Plug and Play Lights Combo, IP68, Pack of 4</p><p> -35% 0FF </p><p>$45.59 ($11.40 / Count)</p><a href="https://www.amazon.com/dp/B0D1YGCQH1?tag=eloabder-20&linkCode=osi&th=1&psc=1">View Product</a></div><div class="product"><a href="https://www.amazon.com/dp/B0F4CZ32P6?tag=eloabder-20&linkCode=osi&th=1&psc=1"><img src="https://m.media-amazon.com/images/I/41-t621Z4+L._SL500_.jpg" alt="Product Image"></a><p>AUTOONE Upgraded H7/H7LL LED Light Bulb, Super Bright Real 1:1 Halogen Mini Size, 10-Year Extended Lifespan, 6500K White Illumination for Automotive Fog Lights, Plug and Play, Pack of 2</p><p> -8% 0FF </p><p>$36.99 ($18.50 / Count)</p><a href="https://www.amazon.com/dp/B0F4CZ32P6?tag=eloabder-20&linkCode=osi&th=1&psc=1">View Product</a></div>
<div class="product"><a href="https://www.amazon.com/dp/B08BHN2NN1?tag=eloabder-20&linkCode=osi&th=1&psc=1"><img src="https://m.media-amazon.com/images/I/41ddySbPN-L._SL500_.jpg" alt="Product Image"></a><p>EMITHSUN OEM QUALITY 26" + 16" Premium All-Seasons Stable And Quiet Windshield Wiper Blades(Set of 2)</p><p> -15% 0FF </p><p>$16.99</p><a href="https://www.amazon.com/dp/B08BHN2NN1?tag=eloabder-20&linkCode=osi&th=1&psc=1">View Product</a></div><div class="product"><a href="https://www.amazon.com/dp/B08MF13665?tag=eloabder-20&linkCode=osi&th=1&psc=1"><img src="https://m.media-amazon.com/images/I/51I-r5q796L._SL500_.jpg" alt="Product Image"></a><p>AUTOBOO 26" and 18" Windshield Wipers Blades (Pack Of 2),OEM Quality Premium All-Seasons Wiper blades,Stable and Quiet Armor wiper blades</p><p> -20% 0FF </p><p>$15.98</p><a href="https://www.amazon.com/dp/B08MF13665?tag=eloabder-20&linkCode=osi&th=1&psc=1">View Product</a></div><div class="product"><a href="https://www.amazon.com/dp/B088RJ168L?tag=eloabder-20&linkCode=osi&th=1&psc=1"><img src="https://m.media-amazon.com/images/I/410IqJ2r+hL._SL500_.jpg" alt="Product Image"></a><p>OEM QUALITY 26" + 19" PARRATI Premium All-Season Windshield Wiper Blades (Set of 2)</p><p> -13% 0FF </p><p>$17.39</p><a href="https://www.amazon.com/dp/B088RJ168L?tag=eloabder-20&linkCode=osi&th=1&psc=1">View Product</a></div><div class="product"><a href="https://www.amazon.com/dp/B0BHTHFTJH?tag=eloabder-20&linkCode=osi&th=1&psc=1"><img src="https://m.media-amazon.com/images/I/41CZndsAdkL._SL500_.jpg" alt="Product Image"></a><p>Wenyant 28"+28" Compatible with Ford Edge 2020-2015 Escape 2019-2013 Focus 2018-2012 Fusion 2019-2013 Front Windshield Wiper Blades for My Car Original Equipment Automotive Replacement (Set of 2)</p><p> -10% 0FF </p><p>$17.99</p><a href="https://www.amazon.com/dp/B0BHTHFTJH?tag=eloabder-20&linkCode=osi&th=1&psc=1">View Product</a></div>
<div class="product"><a href="https://www.amazon.com/dp/B098SCL6WY?tag=eloabder-20&linkCode=osi&th=1&psc=1"><img src="https://m.media-amazon.com/images/I/413q5T98ohL._SL500_.jpg" alt="Product Image"></a><p>Car Rooftop Cargo Carrier - 21 Cubic Feet, 100% Waterproof Heavy Duty 840D Car Roof Bag for All Vehicles with/Without Racks - Anti-Slip Mat, 6 Door Hooks, Storage Bag, 2 Extra Straps</p><p> -23% 0FF </p><p>$99.99</p><a href="https://www.amazon.com/dp/B098SCL6WY?tag=eloabder-20&linkCode=osi&th=1&psc=1">View Product</a></div><div class="product"><a href="https://www.amazon.com/dp/B083T53K3P?tag=eloabder-20&linkCode=osi&th=1&psc=1"><img src="https://m.media-amazon.com/images/I/31a-GM0ujxL._SL500_.jpg" alt="Product Image"></a><p>Amazon Basics Cross Rail Roof Rack, 52 inches, Fits up to 46" Spans between Raised Side Rails with Gap, Pack of 2, Black/Silver</p><p> -8% 0FF </p><p>$53.99</p><a href="https://www.amazon.com/dp/B083T53K3P?tag=eloabder-20&linkCode=osi&th=1&psc=1">View Product</a></div><div class="product"><a href="https://www.amazon.com/dp/B0DHVGLZHS?tag=eloabder-20&linkCode=osi&th=1&psc=1"><img src="https://m.media-amazon.com/images/I/31S6dp9t7gL._SL500_.jpg" alt="Product Image"></a><p>VEVOR Universal Roof Rack Cross Bars, 41.3" Aluminum Roof Rack with 155 lbs Load Capacity, Adjustable Roof Crossbars with Locks, fit Cars Without Side Rail, for SUVs, Sedans, and Vans</p><p> -13% 0FF </p><p>$53.99</p><a href="https://www.amazon.com/dp/B0DHVGLZHS?tag=eloabder-20&linkCode=osi&th=1&psc=1">View Product</a></div>
<div class="product"><a href="https://www.amazon.com/dp/B000AAYBSW?tag=eloabder-20&linkCode=osi&th=1&psc=1"><img src="https://m.media-amazon.com/images/I/41YERSWqFDL._SL500_.jpg" alt="Product Image"></a><p>BELL Double Back Two-Bike Trunk Rack</p><p> -41% 0FF </p><p>$47.99</p><a href="https://www.amazon.com/dp/B000AAYBSW?tag=eloabder-20&linkCode=osi&th=1&psc=1">View Product</a></div>
<div class="product"><a href="https://www.amazon.com/dp/B0CZP1HLSW?tag=eloabder-20&linkCode=osi&th=1&psc=1"><img src="https://m.media-amazon.com/images/I/31MJck4XJeL._SL500_.jpg" alt="Product Image"></a><p>Asinking Car Rooftop Cargo Carrier Bag - 100% Waterproof Heavy Duty Car Roof Luggage Carrier 21 Cubic Feet, Fits All Vehicles with/Without Roof Rack - Easy Install & Triply Reinforced for Secure Use</p><p> -57% 0FF </p><p>$59.97</p><a href="https://www.amazon.com/dp/B0CZP1HLSW?tag=eloabder-20&linkCode=osi&th=1&psc=1">View Product</a></div><div class="product"><a href="https://www.amazon.com/dp/B07P72DV84?tag=eloabder-20&linkCode=osi&th=1&psc=1"><img src="https://m.media-amazon.com/images/I/51kqBbI1pAL._SL500_.jpg" alt="Product Image"></a><p>OKLEAD 500 Lbs Heavy Duty Hitch Mount Cargo Carrier 60" x 24" x 14.4" Folding Cargo Rack Rear Luggage Basket Fits 2" Receiver for Car SUV Camping Traveling</p><p> -12% 0FF </p><p>$229.99</p><a href="https://www.amazon.com/dp/B07P72DV84?tag=eloabder-20&linkCode=osi&th=1&psc=1">View Product</a></div>

<div class="product"><a href="https://www.amazon.com/dp/B004HCS4NW?tag=eloabder-20&linkCode=osi&th=1&psc=1"><img src="https://m.media-amazon.com/images/I/41j5b6xRqNL._SL500_.jpg" alt="Product Image"></a><p>Meguiar's G2016 Convertible Top Cleaner, 16 Fluid Ounces, Units per Each</p><p> -31% 0FF </p><p>$8.28 ($0.52 / Fl Oz)</p><a href="https://www.amazon.com/dp/B004HCS4NW?tag=eloabder-20&linkCode=osi&th=1&psc=1">View Product</a></div><div class="product"><a href="https://www.amazon.com/dp/B0BS42VY2N?tag=eloabder-20&linkCode=osi&th=1&psc=1"><img src="https://m.media-amazon.com/images/I/4179SVWrunL._SL500_.jpg" alt="Product Image"></a><p>A-Premium Black Convertible Soft Top Compatible with Ford Mustang 2005-2014, Convertible, with Glass Window</p><p> -12% 0FF </p><p>$309.99</p><a href="https://www.amazon.com/dp/B0BS42VY2N?tag=eloabder-20&linkCode=osi&th=1&psc=1">View Product</a></div>
<div class="product"><a href="https://www.amazon.com/dp/B00029CYRG?tag=eloabder-20&linkCode=osi&th=1&psc=1"><img src="https://m.media-amazon.com/images/I/41Hnigm4E8L._SL500_.jpg" alt="Product Image"></a><p>Meguiar's M6732 Marine/RV One Step Compound, Remove Oxidation, Stains, Scratches, and Water Spots, Restore The Color and Shine of Fiberglass Gel Coat Finishes, 32 Oz Bottle</p><p> -10% 0FF </p><p>$19.62 ($0.61 / Fl Oz)</p><a href="https://www.amazon.com/dp/B00029CYRG?tag=eloabder-20&linkCode=osi&th=1&psc=1">View Product</a></div><div class="product"><a href="https://www.amazon.com/dp/B0007TR47G?tag=eloabder-20&linkCode=osi&th=1&psc=1"><img src="https://m.media-amazon.com/images/I/41TJAH5y4lL._SL500_.jpg" alt="Product Image"></a><p>Meguiar's M6332 Flagship Premium Marine Wax, Easy to Use Boat Polish and Wax, Remove Scratches, Swirls, and Oxidation While Leaving Lasting Protection, 32 Oz Bottle</p><p> -30% 0FF </p><p>$24.96</p><a href="https://www.amazon.com/dp/B0007TR47G?tag=eloabder-20&linkCode=osi&th=1&psc=1">View Product</a></div><div class="product"><a href="https://www.amazon.com/dp/B001GXDWGO?tag=eloabder-20&linkCode=osi&th=1&psc=1"><img src="https://m.media-amazon.com/images/I/41Gisw5b70L._SL500_.jpg" alt="Product Image"></a><p>Hardline Products Series 350 Factory Matched 3-Inch Boat & PWC Registration Number Kit, Solid Black - BLK350EC</p><p> -6% 0FF </p><p>$12.10</p><a href="https://www.amazon.com/dp/B001GXDWGO?tag=eloabder-20&linkCode=osi&th=1&psc=1">View Product</a></div><div class="product"><a href="https://www.amazon.com/dp/B0000AY4YT?tag=eloabder-20&linkCode=osi&th=1&psc=1"><img src="https://m.media-amazon.com/images/I/51Dl0tlwnQL._SL500_.jpg" alt="Product Image"></a><p>Meguiar's M4965 Marine/RV Fiberglass Restoration System, 3-Piece Marine Fiberglass Repair Kit Featuring Oxidation Remover for Boat Care Plus Boat Polish and Wax</p><p> -35% 0FF </p><p>$34.63</p><a href="https://www.amazon.com/dp/B0000AY4YT?tag=eloabder-20&linkCode=osi&th=1&psc=1">View Product</a></div>

<div class="product"><a href="https://www.amazon.com/dp/B000MT94QA?tag=eloabder-20&linkCode=osi&th=1&psc=1"><img src="https://m.media-amazon.com/images/I/41j+V11HWVL._SL500_.jpg" alt="Product Image"></a><p>Scepter Duramax Flo ’N Go 14 Gallon (53 Liter) Fueling Station, Portable Gas Caddy and Fuel Transfer Pump with 10-Foot Hose for Lawn Mower, Farm, Marine, Commercial, and Home Use, Gasoline Only, Red</p><p> -8% 0FF </p><p>$141.99</p><a href="https://www.amazon.com/dp/B000MT94QA?tag=eloabder-20&linkCode=osi&th=1&psc=1">View Product</a></div><div class="product"><a href="https://www.amazon.com/dp/B001HVJKSY?tag=eloabder-20&linkCode=osi&th=1&psc=1"><img src="https://m.media-amazon.com/images/I/41yrThZv51L._SL500_.jpg" alt="Product Image"></a><p>RDS MFG INC 72771 Fuel Tank</p><p> -9% 0FF </p><p>$758.78</p><a href="https://www.amazon.com/dp/B001HVJKSY?tag=eloabder-20&linkCode=osi&th=1&psc=1">View Product</a></div>



<div class="product"><a href="https://www.amazon.com/dp/B098WVKF19?tag=eloabder-20&linkCode=osi&th=1&psc=1"><img src="https://m.media-amazon.com/images/I/41IK3vBCYyL._SL500_.jpg" alt="Product Image"></a><p>REDTIGER Dash Cam Front Rear, 4K/2.5K Full HD Dash Camera for Cars, Included 32GB Card, Built-in Wi-Fi GPS, APP Control, 3.18" IPS Screen, Night Vision, Wide Angle, WDR, 24H Parking Mode(F7NP)</p><p> -55% 0FF </p><p>$89.99</p><a href="https://www.amazon.com/dp/B098WVKF19?tag=eloabder-20&linkCode=osi&th=1&psc=1">View Product</a></div><div class="product"><a href="https://www.amazon.com/dp/B0D6J5B98H?tag=eloabder-20&linkCode=osi&th=1&psc=1"><img src="https://m.media-amazon.com/images/I/51SmyQooLuL._SL500_.jpg" alt="Product Image"></a><p>ROVE R2-4K DUAL Dash Cam Front and Rear, STARVIS 2 Sensor, FREE 128GB Card Included, 5G WiFi - up to 20MB/s Fastest Download Speed with App, 4K 2160P/FHD Dash Camera for Cars, 3" IPS, 24H Parking Mode</p><p> -35% 0FF </p><p>$129.99</p><a href="https://www.amazon.com/dp/B0D6J5B98H?tag=eloabder-20&linkCode=osi&th=1&psc=1">View Product</a></div><div class="product"><a href="https://www.amazon.com/dp/B0CKXMKRCS?tag=eloabder-20&linkCode=osi&th=1&psc=1"><img src="https://m.media-amazon.com/images/I/51V46zR7lIL._SL500_.jpg" alt="Product Image"></a><p>Dash Cam WiFi 2K, Car Camera with APP, Front Dash Camera for Cars, Mini Dashcams with WDR Night Vision, 24 Hours Parking Monitor, Loop Recording, G-Sensor</p><p> -33% 0FF </p><p>$39.98</p><a href="https://www.amazon.com/dp/B0CKXMKRCS?tag=eloabder-20&linkCode=osi&th=1&psc=1">View Product</a></div><div class="product"><a href="https://www.amazon.com/dp/B0C2Y6WXJ7?tag=eloabder-20&linkCode=osi&th=1&psc=1"><img src="https://m.media-amazon.com/images/I/51osSkFBZDL._SL500_.jpg" alt="Product Image"></a><p>Dash Cam Front and Rear, 1080P Dash Camera for Cars, 3 Channel Car Camera Front Rear and Inside with 32GB Card, Loop Recording, Night Vision, HDR, G-Sensor, 24Hr Parking</p><p> -14% 0FF </p><p>$59.99</p><a href="https://www.amazon.com/dp/B0C2Y6WXJ7?tag=eloabder-20&linkCode=osi&th=1&psc=1">View Product</a></div><div class="product"><a href="https://www.amazon.com/dp/B0C6YBHKJ5?tag=eloabder-20&linkCode=osi&th=1&psc=1"><img src="https://m.media-amazon.com/images/I/51ktc2240CL._SL500_.jpg" alt="Product Image"></a><p>REDTIGER 4K Dash Cam Front and Rear, STARVIS 2 Sensor, Touch Screen 3.18", 128GB Card Included, Voice Control, 5.8GHz WiFi Car Dash Camera, GPS, Night Vision, Emergency Lock, Parking Mode (F7N Touch)</p><p> -25% 0FF </p><p>$149.99</p><a href="https://www.amazon.com/dp/B0C6YBHKJ5?tag=eloabder-20&linkCode=osi&th=1&psc=1">View Product</a></div><div class="product"><a href="https://www.amazon.com/dp/B0BKF6XQVY?tag=eloabder-20&linkCode=osi&th=1&psc=1"><img src="https://m.media-amazon.com/images/I/41kQ6r03ocL._SL500_.jpg" alt="Product Image"></a><p>ARIFAYZ Dash Cam Front and Rear 4K+1080P, Free 64GB Card, Built-in WiFi, Dash Camera for Cars, Car Camera, Dual Dashcams for Cars with Night Vision, 24 Hours Parking Monitor, Loop Recording</p><p> -10% 0FF </p><p>$89.99</p><a href="https://www.amazon.com/dp/B0BKF6XQVY?tag=eloabder-20&linkCode=osi&th=1&psc=1">View Product</a></div>
<div class="product"><a href="https://www.amazon.com/dp/B07LF7YBNF?tag=eloabder-20&linkCode=osi&th=1&psc=1"><img src="https://m.media-amazon.com/images/I/514tDraUiKL._SL500_.jpg" alt="Product Image"></a><p>BANVIE Car Alarm System, Security Antitheft Alarm Systems with Keyless Entry, with Microwave Sensor & Shock Sensor</p><p> -11% 0FF </p><p>$32.99</p><a href="https://www.amazon.com/dp/B07LF7YBNF?tag=eloabder-20&linkCode=osi&th=1&psc=1">View Product</a></div>
<div class="product"><a href="https://www.amazon.com/dp/B07FT6R38V?tag=eloabder-20&linkCode=osi&th=1&psc=1"><img src="https://m.media-amazon.com/images/I/51PS4hJmevL._SL500_.jpg" alt="Product Image"></a><p>LIANXIN Roadside Assistance Emergency Kit - Car Emergency Kit with Jumper Cables (Upgraded) Emergency Roadside Kit for Car 142 Pieces Car Safety Kits,Tow Strap,Tool Kit,Reflective Warning Triangle</p><p> -5% 0FF </p><p>$39.99</p><a href="https://www.amazon.com/dp/B07FT6R38V?tag=eloabder-20&linkCode=osi&th=1&psc=1">View Product</a></div><div class="product"><a href="https://www.amazon.com/dp/B07BR7Q4RG?tag=eloabder-20&linkCode=osi&th=1&psc=1"><img src="https://m.media-amazon.com/images/I/51wT7DxPZ-L._SL500_.jpg" alt="Product Image"></a><p>STDY Car Roadside Emergency Kit, Vehicle Truck Safety Road Side Assistance Kits Auto Accessory, with Jumper Cables, First Aid Kit, Tow Rope, Reflective Triangle, Tire Pressure Gauge, etc</p><p> -36% 0FF </p><p>$34.99</p><a href="https://www.amazon.com/dp/B07BR7Q4RG?tag=eloabder-20&linkCode=osi&th=1&psc=1">View Product</a></div><div class="product"><a href="https://www.amazon.com/dp/B08RS888RH?tag=eloabder-20&linkCode=osi&th=1&psc=1"><img src="https://m.media-amazon.com/images/I/511WieELkPL._SL500_.jpg" alt="Product Image"></a><p>Vetoos Car Roadside Emergency Kit with Jumper Cables, Auto Vehicle Safety Road Side Assistance Kits, Winter Car Kit Essentials for Women and Men, with Car Repair Tool Set, Folding Survival Shovel</p><p> -33% 0FF </p><p>$39.99</p><a href="https://www.amazon.com/dp/B08RS888RH?tag=eloabder-20&linkCode=osi&th=1&psc=1">View Product</a></div><div class="product"><a href="https://www.amazon.com/dp/B086ZZ145D?tag=eloabder-20&linkCode=osi&th=1&psc=1"><img src="https://m.media-amazon.com/images/I/517daXfVHHL._SL500_.jpg" alt="Product Image"></a><p>Vetoos Roadside Emergency Car Kit with Jumper Cables, Auto Vehicle Safety Road Side Assistance Kit Essentials, Winter Car Kit for Women and Men, with Mini Car Tool Set, Dial Tire Pressure Gauge</p><p> -30% 0FF </p><p>$34.99</p><a href="https://www.amazon.com/dp/B086ZZ145D?tag=eloabder-20&linkCode=osi&th=1&psc=1">View Product</a></div><div class="product"><a href="https://www.amazon.com/dp/B09QXJF7C5?tag=eloabder-20&linkCode=osi&th=1&psc=1"><img src="https://m.media-amazon.com/images/I/51Mvi43rtIL._SL500_.jpg" alt="Product Image"></a><p>WETBAS Car Roadside Emergency Kit, Auto Vehicle Safety Emergency Road Side Assistance Kits Essentials, Solenoid Starter Repair Kit with Jumper Cables, Safety Hammer, Reflective Warning Triangle</p><p> -36% 0FF </p><p>$34.98</p><a href="https://www.amazon.com/dp/B09QXJF7C5?tag=eloabder-20&linkCode=osi&th=1&psc=1">View Product</a></div>

<div class="product"><a href="https://www.amazon.com/dp/B0DH1TN5BW?tag=eloabder-20&linkCode=osi&th=1&psc=1"><img src="https://m.media-amazon.com/images/I/411obZQLkyL._SL500_.jpg" alt="Product Image"></a><p>Miroddi Keychain with Smart Tracker, Men's Keychain Works with Find My App, Heavy Duty Car Key Chains with Bottle Opener Fob Carabiner, Key Finder GPS Tracker, Rechargeable, Gunmetal</p><p> -10% 0FF </p><p>$29.69</p><a href="https://www.amazon.com/dp/B0DH1TN5BW?tag=eloabder-20&linkCode=osi&th=1&psc=1">View Product</a></div><div class="product"><a href="https://www.amazon.com/dp/B09XM96H87?tag=eloabder-20&linkCode=osi&th=1&psc=1"><img src="https://m.media-amazon.com/images/I/41Fo2NZJx5L._SL500_.jpg" alt="Product Image"></a><p>SinoTrack Digital GPS Speedometer Universal Heads Up Display for Car 5.5 inch Large LCD Display HUD with MPH Speed Fatigued Driving Alert Overspeed Alarm Trip Meter for All Vehicle</p><p> -9% 0FF </p><p>$29.98</p><a href="https://www.amazon.com/dp/B09XM96H87?tag=eloabder-20&linkCode=osi&th=1&psc=1">View Product</a></div><div class="product"><a href="https://www.amazon.com/dp/B0DLBDTFL7?tag=eloabder-20&linkCode=osi&th=1&psc=1"><img src="https://m.media-amazon.com/images/I/41NGzpkL0sL._SL500_.jpg" alt="Product Image"></a><p>GPS Navigator for Car Truck RV, Latest 2025 Map, 7 inch Touch Screen Real Voice Spoken Turn-by-Turn Direction Reminding Navigation System for Cars, Vehicle GPS with Speed and Red Light Warning (Blue)</p><p> -19% 0FF </p><p>$56.99</p><a href="https://www.amazon.com/dp/B0DLBDTFL7?tag=eloabder-20&linkCode=osi&th=1&psc=1">View Product</a></div><div class="product"><a href="https://www.amazon.com/dp/B0B5M53F92?tag=eloabder-20&linkCode=osi&th=1&psc=1"><img src="https://m.media-amazon.com/images/I/41jXjmrwkOL._SL500_.jpg" alt="Product Image"></a><p>Premium GPS Tracking Sticker for car, Bike, Motorcycle Anti-Theft Stickers This Vehicle Protected by Warning Tracker Sticker Decal Self Adhesive Sign 4" x 2" Vinyl — UV Resistent (Pack of 2)</p><p> -15% 0FF </p><p>$4.99 ($2.50 / Count)</p><a href="https://www.amazon.com/dp/B0B5M53F92?tag=eloabder-20&linkCode=osi&th=1&psc=1">View Product</a></div>
<div class="product"><a href="https://www.amazon.com/dp/B083GHXFTJ?tag=eloabder-20&linkCode=osi&th=1&psc=1"><img src="https://m.media-amazon.com/images/I/51YLCVtIhJL._SL500_.jpg" alt="Product Image"></a><p>Winzwon Interior Led Lights for Car Accessories for Women Men, Birthday Gifts for Men Him, APP Control with USB Port Music Sync Color Change Lights for Jeep Truck Decor, 12V</p><p> -23% 0FF </p><p>$9.99 ($2.50 / Count)</p><a href="https://www.amazon.com/dp/B083GHXFTJ?tag=eloabder-20&linkCode=osi&th=1&psc=1">View Product</a></div><div class="product"><a href="https://www.amazon.com/dp/B08F9PF2Y5?tag=eloabder-20&linkCode=osi&th=1&psc=1"><img src="https://m.media-amazon.com/images/I/51erdB7xL4L._SL500_.jpg" alt="Product Image"></a><p>Interior Car LED Strip Lights APP Control, 5 in 1 RGB 16 Million Colors Ambient Lighting Kit with 236 inches Fiber Optic, Music Mode Inside Car Lighting Decorations</p><p> -5% 0FF </p><p>$20.88</p><a href="https://www.amazon.com/dp/B08F9PF2Y5?tag=eloabder-20&linkCode=osi&th=1&psc=1">View Product</a></div><div class="product"><a href="https://www.amazon.com/dp/B097CB5WXB?tag=eloabder-20&linkCode=osi&th=1&psc=1"><img src="https://m.media-amazon.com/images/I/51T-wkU4nKL._SL500_.jpg" alt="Product Image"></a><p>Interior Car Lights Keepsmile Car Accessories APP Control with Remote Music Sync Color Change RGB Under Dash Lighting with Charger 12V LED Lights Running Board Lights</p><p> -20% 0FF </p><p>$15.99</p><a href="https://www.amazon.com/dp/B097CB5WXB?tag=eloabder-20&linkCode=osi&th=1&psc=1">View Product</a></div>
<div class="product"><a href="https://www.amazon.com/dp/B0CDBQT23P?tag=eloabder-20&linkCode=osi&th=1&psc=1"><img src="https://m.media-amazon.com/images/I/41+xWbXza3L._SL500_.jpg" alt="Product Image"></a><p>AUXITO 9005/HB3 H11/H8/H9 LED Bulbs Combo, 50000LM Bright 6500K Cool White, 120W Fanless Light Bulbs, Pack of 4</p><p> -22% 0FF </p><p>$69.98</p><a href="https://www.amazon.com/dp/B0CDBQT23P?tag=eloabder-20&linkCode=osi&th=1&psc=1">View Product</a></div><div class="product"><a href="https://www.amazon.com/dp/B0D1YGCQH1?tag=eloabder-20&linkCode=osi&th=1&psc=1"><img src="https://m.media-amazon.com/images/I/51Q44nlhKJL._SL500_.jpg" alt="Product Image"></a><p>Marsauto M1S 9005/HB3 H11/H8/H9 Light Bulbs Combo, 800% Super Brighter H11 9005 Bulbs or Fog, 6000K HB3 H9 Cool White, 3 Min Plug and Play Lights Combo, IP68, Pack of 4</p><p> -35% 0FF </p><p>$45.59 ($11.40 / Count)</p><a href="https://www.amazon.com/dp/B0D1YGCQH1?tag=eloabder-20&linkCode=osi&th=1&psc=1">View Product</a></div><div class="product"><a href="https://www.amazon.com/dp/B0F4CZ32P6?tag=eloabder-20&linkCode=osi&th=1&psc=1"><img src="https://m.media-amazon.com/images/I/41-t621Z4+L._SL500_.jpg" alt="Product Image"></a><p>AUTOONE Upgraded H7/H7LL LED Light Bulb, Super Bright Real 1:1 Halogen Mini Size, 10-Year Extended Lifespan, 6500K White Illumination for Automotive Fog Lights, Plug and Play, Pack of 2</p><p> -8% 0FF </p><p>$36.99 ($18.50 / Count)</p><a href="https://www.amazon.com/dp/B0F4CZ32P6?tag=eloabder-20&linkCode=osi&th=1&psc=1">View Product</a></div>
<div class="product"><a href="https://www.amazon.com/dp/B08BHN2NN1?tag=eloabder-20&linkCode=osi&th=1&psc=1"><img src="https://m.media-amazon.com/images/I/41ddySbPN-L._SL500_.jpg" alt="Product Image"></a><p>EMITHSUN OEM QUALITY 26" + 16" Premium All-Seasons Stable And Quiet Windshield Wiper Blades(Set of 2)</p><p> -15% 0FF </p><p>$16.99</p><a href="https://www.amazon.com/dp/B08BHN2NN1?tag=eloabder-20&linkCode=osi&th=1&psc=1">View Product</a></div><div class="product"><a href="https://www.amazon.com/dp/B08MF13665?tag=eloabder-20&linkCode=osi&th=1&psc=1"><img src="https://m.media-amazon.com/images/I/51I-r5q796L._SL500_.jpg" alt="Product Image"></a><p>AUTOBOO 26" and 18" Windshield Wipers Blades (Pack Of 2),OEM Quality Premium All-Seasons Wiper blades,Stable and Quiet Armor wiper blades</p><p> -20% 0FF </p><p>$15.98</p><a href="https://www.amazon.com/dp/B08MF13665?tag=eloabder-20&linkCode=osi&th=1&psc=1">View Product</a></div><div class="product"><a href="https://www.amazon.com/dp/B088RJ168L?tag=eloabder-20&linkCode=osi&th=1&psc=1"><img src="https://m.media-amazon.com/images/I/410IqJ2r+hL._SL500_.jpg" alt="Product Image"></a><p>OEM QUALITY 26" + 19" PARRATI Premium All-Season Windshield Wiper Blades (Set of 2)</p><p> -13% 0FF </p><p>$17.39</p><a href="https://www.amazon.com/dp/B088RJ168L?tag=eloabder-20&linkCode=osi&th=1&psc=1">View Product</a></div><div class="product"><a href="https://www.amazon.com/dp/B0BHTHFTJH?tag=eloabder-20&linkCode=osi&th=1&psc=1"><img src="https://m.media-amazon.com/images/I/41CZndsAdkL._SL500_.jpg" alt="Product Image"></a><p>Wenyant 28"+28" Compatible with Ford Edge 2020-2015 Escape 2019-2013 Focus 2018-2012 Fusion 2019-2013 Front Windshield Wiper Blades for My Car Original Equipment Automotive Replacement (Set of 2)</p><p> -10% 0FF </p><p>$17.99</p><a href="https://www.amazon.com/dp/B0BHTHFTJH?tag=eloabder-20&linkCode=osi&th=1&psc=1">View Product</a></div>
<div class="product"><a href="https://www.amazon.com/dp/B098SCL6WY?tag=eloabder-20&linkCode=osi&th=1&psc=1"><img src="https://m.media-amazon.com/images/I/413q5T98ohL._SL500_.jpg" alt="Product Image"></a><p>Car Rooftop Cargo Carrier - 21 Cubic Feet, 100% Waterproof Heavy Duty 840D Car Roof Bag for All Vehicles with/Without Racks - Anti-Slip Mat, 6 Door Hooks, Storage Bag, 2 Extra Straps</p><p> -23% 0FF </p><p>$99.99</p><a href="https://www.amazon.com/dp/B098SCL6WY?tag=eloabder-20&linkCode=osi&th=1&psc=1">View Product</a></div><div class="product"><a href="https://www.amazon.com/dp/B083T53K3P?tag=eloabder-20&linkCode=osi&th=1&psc=1"><img src="https://m.media-amazon.com/images/I/31a-GM0ujxL._SL500_.jpg" alt="Product Image"></a><p>Amazon Basics Cross Rail Roof Rack, 52 inches, Fits up to 46" Spans between Raised Side Rails with Gap, Pack of 2, Black/Silver</p><p> -8% 0FF </p><p>$53.99</p><a href="https://www.amazon.com/dp/B083T53K3P?tag=eloabder-20&linkCode=osi&th=1&psc=1">View Product</a></div><div class="product"><a href="https://www.amazon.com/dp/B0DHVGLZHS?tag=eloabder-20&linkCode=osi&th=1&psc=1"><img src="https://m.media-amazon.com/images/I/31S6dp9t7gL._SL500_.jpg" alt="Product Image"></a><p>VEVOR Universal Roof Rack Cross Bars, 41.3" Aluminum Roof Rack with 155 lbs Load Capacity, Adjustable Roof Crossbars with Locks, fit Cars Without Side Rail, for SUVs, Sedans, and Vans</p><p> -13% 0FF </p><p>$53.99</p><a href="https://www.amazon.com/dp/B0DHVGLZHS?tag=eloabder-20&linkCode=osi&th=1&psc=1">View Product</a></div>
<div class="product"><a href="https://www.amazon.com/dp/B000AAYBSW?tag=eloabder-20&linkCode=osi&th=1&psc=1"><img src="https://m.media-amazon.com/images/I/41YERSWqFDL._SL500_.jpg" alt="Product Image"></a><p>BELL Double Back Two-Bike Trunk Rack</p><p> -41% 0FF </p><p>$47.99</p><a href="https://www.amazon.com/dp/B000AAYBSW?tag=eloabder-20&linkCode=osi&th=1&psc=1">View Product</a></div>
<div class="product"><a href="https://www.amazon.com/dp/B0CZP1HLSW?tag=eloabder-20&linkCode=osi&th=1&psc=1"><img src="https://m.media-amazon.com/images/I/31MJck4XJeL._SL500_.jpg" alt="Product Image"></a><p>Asinking Car Rooftop Cargo Carrier Bag - 100% Waterproof Heavy Duty Car Roof Luggage Carrier 21 Cubic Feet, Fits All Vehicles with/Without Roof Rack - Easy Install & Triply Reinforced for Secure Use</p><p> -57% 0FF </p><p>$59.97</p><a href="https://www.amazon.com/dp/B0CZP1HLSW?tag=eloabder-20&linkCode=osi&th=1&psc=1">View Product</a></div><div class="product"><a href="https://www.amazon.com/dp/B07P72DV84?tag=eloabder-20&linkCode=osi&th=1&psc=1"><img src="https://m.media-amazon.com/images/I/51kqBbI1pAL._SL500_.jpg" alt="Product Image"></a><p>OKLEAD 500 Lbs Heavy Duty Hitch Mount Cargo Carrier 60" x 24" x 14.4" Folding Cargo Rack Rear Luggage Basket Fits 2" Receiver for Car SUV Camping Traveling</p><p> -12% 0FF </p><p>$229.99</p><a href="https://www.amazon.com/dp/B07P72DV84?tag=eloabder-20&linkCode=osi&th=1&psc=1">View Product</a></div>
<div class="product"><a href="https://www.amazon.com/dp/B08LPJB9KK?tag=eloabder-20&linkCode=osi&th=1&psc=1"><img src="https://m.media-amazon.com/images/I/51UPOojNtBL._SL500_.jpg" alt="Product Image"></a><p>PETICON SUV Cargo Liner for Dogs, Waterproof Pet Cargo Cover Dog Seat Mat for SUVs Sedans Vans with Bumper Flap Protector, Non-Slip, Large Size Universal Fit, Black</p><p> -10% 0FF </p><p>$44.99</p><a href="https://www.amazon.com/dp/B08LPJB9KK?tag=eloabder-20&linkCode=osi&th=1&psc=1">View Product</a></div><div class="product"><a href="https://www.amazon.com/dp/B071JY9G2P?tag=eloabder-20&linkCode=osi&th=1&psc=1"><img src="https://m.media-amazon.com/images/I/51edZTY6iEL._SL500_.jpg" alt="Product Image"></a><p>HelloTree SUV Cargo Liner for Dogs Waterproof Pet Cargo Cover Dog Seat Mat for SUVs Oxford Car SUV Seat Cover Trunk Protector for Vehicles Washable Dog Accessories</p><p> -15% 0FF </p><p>$19.54</p><a href="https://www.amazon.com/dp/B071JY9G2P?tag=eloabder-20&linkCode=osi&th=1&psc=1">View Product</a></div><div class="product"><a href="https://www.amazon.com/dp/B0DS5X7GYS?tag=eloabder-20&linkCode=osi&th=1&psc=1"><img src="https://m.media-amazon.com/images/I/41r6K3mRSiL._SL500_.jpg" alt="Product Image"></a><p>fidozen Universal Cargo Liner for SUV – Waterproof Dog Trunk Mat, Non-Slip Back Seat Protector, Car Bed Cover, Pet Barrier, Rear Liner Accessories for Trucks & Sedans, Universal Fit Trunk Cover</p><p> -13% 0FF </p><p>$19.99</p><a href="https://www.amazon.com/dp/B0DS5X7GYS?tag=eloabder-20&linkCode=osi&th=1&psc=1">View Product</a></div>

<div class="product"><a href="https://www.amazon.com/dp/B004HCS4NW?tag=eloabder-20&linkCode=osi&th=1&psc=1"><img src="https://m.media-amazon.com/images/I/41j5b6xRqNL._SL500_.jpg" alt="Product Image"></a><p>Meguiar's G2016 Convertible Top Cleaner, 16 Fluid Ounces, Units per Each</p><p> -31% 0FF </p><p>$8.28 ($0.52 / Fl Oz)</p><a href="https://www.amazon.com/dp/B004HCS4NW?tag=eloabder-20&linkCode=osi&th=1&psc=1">View Product</a></div><div class="product"><a href="https://www.amazon.com/dp/B0BS42VY2N?tag=eloabder-20&linkCode=osi&th=1&psc=1"><img src="https://m.media-amazon.com/images/I/4179SVWrunL._SL500_.jpg" alt="Product Image"></a><p>A-Premium Black Convertible Soft Top Compatible with Ford Mustang 2005-2014, Convertible, with Glass Window</p><p> -12% 0FF </p><p>$309.99</p><a href="https://www.amazon.com/dp/B0BS42VY2N?tag=eloabder-20&linkCode=osi&th=1&psc=1">View Product</a></div>
<div class="product"><a href="https://www.amazon.com/dp/B00029CYRG?tag=eloabder-20&linkCode=osi&th=1&psc=1"><img src="https://m.media-amazon.com/images/I/41Hnigm4E8L._SL500_.jpg" alt="Product Image"></a><p>Meguiar's M6732 Marine/RV One Step Compound, Remove Oxidation, Stains, Scratches, and Water Spots, Restore The Color and Shine of Fiberglass Gel Coat Finishes, 32 Oz Bottle</p><p> -10% 0FF </p><p>$19.62 ($0.61 / Fl Oz)</p><a href="https://www.amazon.com/dp/B00029CYRG?tag=eloabder-20&linkCode=osi&th=1&psc=1">View Product</a></div><div class="product"><a href="https://www.amazon.com/dp/B0007TR47G?tag=eloabder-20&linkCode=osi&th=1&psc=1"><img src="https://m.media-amazon.com/images/I/41TJAH5y4lL._SL500_.jpg" alt="Product Image"></a><p>Meguiar's M6332 Flagship Premium Marine Wax, Easy to Use Boat Polish and Wax, Remove Scratches, Swirls, and Oxidation While Leaving Lasting Protection, 32 Oz Bottle</p><p> -30% 0FF </p><p>$24.96</p><a href="https://www.amazon.com/dp/B0007TR47G?tag=eloabder-20&linkCode=osi&th=1&psc=1">View Product</a></div><div class="product"><a href="https://www.amazon.com/dp/B001GXDWGO?tag=eloabder-20&linkCode=osi&th=1&psc=1"><img src="https://m.media-amazon.com/images/I/41Gisw5b70L._SL500_.jpg" alt="Product Image"></a><p>Hardline Products Series 350 Factory Matched 3-Inch Boat & PWC Registration Number Kit, Solid Black - BLK350EC</p><p> -6% 0FF </p><p>$12.10</p><a href="https://www.amazon.com/dp/B001GXDWGO?tag=eloabder-20&linkCode=osi&th=1&psc=1">View Product</a></div><div class="product"><a href="https://www.amazon.com/dp/B0000AY4YT?tag=eloabder-20&linkCode=osi&th=1&psc=1"><img src="https://m.media-amazon.com/images/I/51Dl0tlwnQL._SL500_.jpg" alt="Product Image"></a><p>Meguiar's M4965 Marine/RV Fiberglass Restoration System, 3-Piece Marine Fiberglass Repair Kit Featuring Oxidation Remover for Boat Care Plus Boat Polish and Wax</p><p> -35% 0FF </p><p>$34.63</p><a href="https://www.amazon.com/dp/B0000AY4YT?tag=eloabder-20&linkCode=osi&th=1&psc=1">View Product</a></div>

<div class="product"><a href="https://www.amazon.com/dp/B000MT94QA?tag=eloabder-20&linkCode=osi&th=1&psc=1"><img src="https://m.media-amazon.com/images/I/41j+V11HWVL._SL500_.jpg" alt="Product Image"></a><p>Scepter Duramax Flo ’N Go 14 Gallon (53 Liter) Fueling Station, Portable Gas Caddy and Fuel Transfer Pump with 10-Foot Hose for Lawn Mower, Farm, Marine, Commercial, and Home Use, Gasoline Only, Red</p><p> -8% 0FF </p><p>$141.99</p><a href="https://www.amazon.com/dp/B000MT94QA?tag=eloabder-20&linkCode=osi&th=1&psc=1">View Product</a></div><div class="product"><a href="https://www.amazon.com/dp/B001HVJKSY?tag=eloabder-20&linkCode=osi&th=1&psc=1"><img src="https://m.media-amazon.com/images/I/41yrThZv51L._SL500_.jpg" alt="Product Image"></a><p>RDS MFG INC 72771 Fuel Tank</p><p> -9% 0FF </p><p>$758.78</p><a href="https://www.amazon.com/dp/B001HVJKSY?tag=eloabder-20&linkCode=osi&th=1&psc=1">View Product</a></div>



<div class="product"><a href="https://www.amazon.com/dp/B098WVKF19?tag=eloabder-20&linkCode=osi&th=1&psc=1"><img src="https://m.media-amazon.com/images/I/41IK3vBCYyL._SL500_.jpg" alt="Product Image"></a><p>REDTIGER Dash Cam Front Rear, 4K/2.5K Full HD Dash Camera for Cars, Included 32GB Card, Built-in Wi-Fi GPS, APP Control, 3.18" IPS Screen, Night Vision, Wide Angle, WDR, 24H Parking Mode(F7NP)</p><p> -55% 0FF </p><p>$89.99</p><a href="https://www.amazon.com/dp/B098WVKF19?tag=eloabder-20&linkCode=osi&th=1&psc=1">View Product</a></div><div class="product"><a href="https://www.amazon.com/dp/B0D6J5B98H?tag=eloabder-20&linkCode=osi&th=1&psc=1"><img src="https://m.media-amazon.com/images/I/51SmyQooLuL._SL500_.jpg" alt="Product Image"></a><p>ROVE R2-4K DUAL Dash Cam Front and Rear, STARVIS 2 Sensor, FREE 128GB Card Included, 5G WiFi - up to 20MB/s Fastest Download Speed with App, 4K 2160P/FHD Dash Camera for Cars, 3" IPS, 24H Parking Mode</p><p> -35% 0FF </p><p>$129.99</p><a href="https://www.amazon.com/dp/B0D6J5B98H?tag=eloabder-20&linkCode=osi&th=1&psc=1">View Product</a></div><div class="product"><a href="https://www.amazon.com/dp/B0CKXMKRCS?tag=eloabder-20&linkCode=osi&th=1&psc=1"><img src="https://m.media-amazon.com/images/I/51V46zR7lIL._SL500_.jpg" alt="Product Image"></a><p>Dash Cam WiFi 2K, Car Camera with APP, Front Dash Camera for Cars, Mini Dashcams with WDR Night Vision, 24 Hours Parking Monitor, Loop Recording, G-Sensor</p><p> -33% 0FF </p><p>$39.98</p><a href="https://www.amazon.com/dp/B0CKXMKRCS?tag=eloabder-20&linkCode=osi&th=1&psc=1">View Product</a></div><div class="product"><a href="https://www.amazon.com/dp/B0C2Y6WXJ7?tag=eloabder-20&linkCode=osi&th=1&psc=1"><img src="https://m.media-amazon.com/images/I/51osSkFBZDL._SL500_.jpg" alt="Product Image"></a><p>Dash Cam Front and Rear, 1080P Dash Camera for Cars, 3 Channel Car Camera Front Rear and Inside with 32GB Card, Loop Recording, Night Vision, HDR, G-Sensor, 24Hr Parking</p><p> -14% 0FF </p><p>$59.99</p><a href="https://www.amazon.com/dp/B0C2Y6WXJ7?tag=eloabder-20&linkCode=osi&th=1&psc=1">View Product</a></div><div class="product"><a href="https://www.amazon.com/dp/B0C6YBHKJ5?tag=eloabder-20&linkCode=osi&th=1&psc=1"><img src="https://m.media-amazon.com/images/I/51ktc2240CL._SL500_.jpg" alt="Product Image"></a><p>REDTIGER 4K Dash Cam Front and Rear, STARVIS 2 Sensor, Touch Screen 3.18", 128GB Card Included, Voice Control, 5.8GHz WiFi Car Dash Camera, GPS, Night Vision, Emergency Lock, Parking Mode (F7N Touch)</p><p> -25% 0FF </p><p>$149.99</p><a href="https://www.amazon.com/dp/B0C6YBHKJ5?tag=eloabder-20&linkCode=osi&th=1&psc=1">View Product</a></div><div class="product"><a href="https://www.amazon.com/dp/B0BKF6XQVY?tag=eloabder-20&linkCode=osi&th=1&psc=1"><img src="https://m.media-amazon.com/images/I/41kQ6r03ocL._SL500_.jpg" alt="Product Image"></a><p>ARIFAYZ Dash Cam Front and Rear 4K+1080P, Free 64GB Card, Built-in WiFi, Dash Camera for Cars, Car Camera, Dual Dashcams for Cars with Night Vision, 24 Hours Parking Monitor, Loop Recording</p><p> -10% 0FF </p><p>$89.99</p><a href="https://www.amazon.com/dp/B0BKF6XQVY?tag=eloabder-20&linkCode=osi&th=1&psc=1">View Product</a></div>
<div class="product"><a href="https://www.amazon.com/dp/B07LF7YBNF?tag=eloabder-20&linkCode=osi&th=1&psc=1"><img src="https://m.media-amazon.com/images/I/514tDraUiKL._SL500_.jpg" alt="Product Image"></a><p>BANVIE Car Alarm System, Security Antitheft Alarm Systems with Keyless Entry, with Microwave Sensor & Shock Sensor</p><p> -11% 0FF </p><p>$32.99</p><a href="https://www.amazon.com/dp/B07LF7YBNF?tag=eloabder-20&linkCode=osi&th=1&psc=1">View Product</a></div>
<div class="product"><a href="https://www.amazon.com/dp/B07FT6R38V?tag=eloabder-20&linkCode=osi&th=1&psc=1"><img src="https://m.media-amazon.com/images/I/51PS4hJmevL._SL500_.jpg" alt="Product Image"></a><p>LIANXIN Roadside Assistance Emergency Kit - Car Emergency Kit with Jumper Cables (Upgraded) Emergency Roadside Kit for Car 142 Pieces Car Safety Kits,Tow Strap,Tool Kit,Reflective Warning Triangle</p><p> -5% 0FF </p><p>$39.99</p><a href="https://www.amazon.com/dp/B07FT6R38V?tag=eloabder-20&linkCode=osi&th=1&psc=1">View Product</a></div><div class="product"><a href="https://www.amazon.com/dp/B07BR7Q4RG?tag=eloabder-20&linkCode=osi&th=1&psc=1"><img src="https://m.media-amazon.com/images/I/51wT7DxPZ-L._SL500_.jpg" alt="Product Image"></a><p>STDY Car Roadside Emergency Kit, Vehicle Truck Safety Road Side Assistance Kits Auto Accessory, with Jumper Cables, First Aid Kit, Tow Rope, Reflective Triangle, Tire Pressure Gauge, etc</p><p> -36% 0FF </p><p>$34.99</p><a href="https://www.amazon.com/dp/B07BR7Q4RG?tag=eloabder-20&linkCode=osi&th=1&psc=1">View Product</a></div><div class="product"><a href="https://www.amazon.com/dp/B08RS888RH?tag=eloabder-20&linkCode=osi&th=1&psc=1"><img src="https://m.media-amazon.com/images/I/511WieELkPL._SL500_.jpg" alt="Product Image"></a><p>Vetoos Car Roadside Emergency Kit with Jumper Cables, Auto Vehicle Safety Road Side Assistance Kits, Winter Car Kit Essentials for Women and Men, with Car Repair Tool Set, Folding Survival Shovel</p><p> -33% 0FF </p><p>$39.99</p><a href="https://www.amazon.com/dp/B08RS888RH?tag=eloabder-20&linkCode=osi&th=1&psc=1">View Product</a></div><div class="product"><a href="https://www.amazon.com/dp/B086ZZ145D?tag=eloabder-20&linkCode=osi&th=1&psc=1"><img src="https://m.media-amazon.com/images/I/517daXfVHHL._SL500_.jpg" alt="Product Image"></a><p>Vetoos Roadside Emergency Car Kit with Jumper Cables, Auto Vehicle Safety Road Side Assistance Kit Essentials, Winter Car Kit for Women and Men, with Mini Car Tool Set, Dial Tire Pressure Gauge</p><p> -30% 0FF </p><p>$34.99</p><a href="https://www.amazon.com/dp/B086ZZ145D?tag=eloabder-20&linkCode=osi&th=1&psc=1">View Product</a></div><div class="product"><a href="https://www.amazon.com/dp/B09QXJF7C5?tag=eloabder-20&linkCode=osi&th=1&psc=1"><img src="https://m.media-amazon.com/images/I/51Mvi43rtIL._SL500_.jpg" alt="Product Image"></a><p>WETBAS Car Roadside Emergency Kit, Auto Vehicle Safety Emergency Road Side Assistance Kits Essentials, Solenoid Starter Repair Kit with Jumper Cables, Safety Hammer, Reflective Warning Triangle</p><p> -36% 0FF </p><p>$34.98</p><a href="https://www.amazon.com/dp/B09QXJF7C5?tag=eloabder-20&linkCode=osi&th=1&psc=1">View Product</a></div>

<div class="product"><a href="https://www.amazon.com/dp/B0DH1TN5BW?tag=eloabder-20&linkCode=osi&th=1&psc=1"><img src="https://m.media-amazon.com/images/I/411obZQLkyL._SL500_.jpg" alt="Product Image"></a><p>Miroddi Keychain with Smart Tracker, Men's Keychain Works with Find My App, Heavy Duty Car Key Chains with Bottle Opener Fob Carabiner, Key Finder GPS Tracker, Rechargeable, Gunmetal</p><p> -10% 0FF </p><p>$29.69</p><a href="https://www.amazon.com/dp/B0DH1TN5BW?tag=eloabder-20&linkCode=osi&th=1&psc=1">View Product</a></div><div class="product"><a href="https://www.amazon.com/dp/B09XM96H87?tag=eloabder-20&linkCode=osi&th=1&psc=1"><img src="https://m.media-amazon.com/images/I/41Fo2NZJx5L._SL500_.jpg" alt="Product Image"></a><p>SinoTrack Digital GPS Speedometer Universal Heads Up Display for Car 5.5 inch Large LCD Display HUD with MPH Speed Fatigued Driving Alert Overspeed Alarm Trip Meter for All Vehicle</p><p> -9% 0FF </p><p>$29.98</p><a href="https://www.amazon.com/dp/B09XM96H87?tag=eloabder-20&linkCode=osi&th=1&psc=1">View Product</a></div><div class="product"><a href="https://www.amazon.com/dp/B0DLBDTFL7?tag=eloabder-20&linkCode=osi&th=1&psc=1"><img src="https://m.media-amazon.com/images/I/41NGzpkL0sL._SL500_.jpg" alt="Product Image"></a><p>GPS Navigator for Car Truck RV, Latest 2025 Map, 7 inch Touch Screen Real Voice Spoken Turn-by-Turn Direction Reminding Navigation System for Cars, Vehicle GPS with Speed and Red Light Warning (Blue)</p><p> -19% 0FF </p><p>$56.99</p><a href="https://www.amazon.com/dp/B0DLBDTFL7?tag=eloabder-20&linkCode=osi&th=1&psc=1">View Product</a></div><div class="product"><a href="https://www.amazon.com/dp/B0B5M53F92?tag=eloabder-20&linkCode=osi&th=1&psc=1"><img src="https://m.media-amazon.com/images/I/41jXjmrwkOL._SL500_.jpg" alt="Product Image"></a><p>Premium GPS Tracking Sticker for car, Bike, Motorcycle Anti-Theft Stickers This Vehicle Protected by Warning Tracker Sticker Decal Self Adhesive Sign 4" x 2" Vinyl — UV Resistent (Pack of 2)</p><p> -15% 0FF </p><p>$4.99 ($2.50 / Count)</p><a href="https://www.amazon.com/dp/B0B5M53F92?tag=eloabder-20&linkCode=osi&th=1&psc=1">View Product</a></div>
<div class="product"><a href="https://www.amazon.com/dp/B083GHXFTJ?tag=eloabder-20&linkCode=osi&th=1&psc=1"><img src="https://m.media-amazon.com/images/I/51YLCVtIhJL._SL500_.jpg" alt="Product Image"></a><p>Winzwon Interior Led Lights for Car Accessories for Women Men, Birthday Gifts for Men Him, APP Control with USB Port Music Sync Color Change Lights for Jeep Truck Decor, 12V</p><p> -23% 0FF </p><p>$9.99 ($2.50 / Count)</p><a href="https://www.amazon.com/dp/B083GHXFTJ?tag=eloabder-20&linkCode=osi&th=1&psc=1">View Product</a></div><div class="product"><a href="https://www.amazon.com/dp/B08F9PF2Y5?tag=eloabder-20&linkCode=osi&th=1&psc=1"><img src="https://m.media-amazon.com/images/I/51erdB7xL4L._SL500_.jpg" alt="Product Image"></a><p>Interior Car LED Strip Lights APP Control, 5 in 1 RGB 16 Million Colors Ambient Lighting Kit with 236 inches Fiber Optic, Music Mode Inside Car Lighting Decorations</p><p> -5% 0FF </p><p>$20.88</p><a href="https://www.amazon.com/dp/B08F9PF2Y5?tag=eloabder-20&linkCode=osi&th=1&psc=1">View Product</a></div><div class="product"><a href="https://www.amazon.com/dp/B097CB5WXB?tag=eloabder-20&linkCode=osi&th=1&psc=1"><img src="https://m.media-amazon.com/images/I/51T-wkU4nKL._SL500_.jpg" alt="Product Image"></a><p>Interior Car Lights Keepsmile Car Accessories APP Control with Remote Music Sync Color Change RGB Under Dash Lighting with Charger 12V LED Lights Running Board Lights</p><p> -20% 0FF </p><p>$15.99</p><a href="https://www.amazon.com/dp/B097CB5WXB?tag=eloabder-20&linkCode=osi&th=1&psc=1">View Product</a></div>
<div class="product"><a href="https://www.amazon.com/dp/B0CDBQT23P?tag=eloabder-20&linkCode=osi&th=1&psc=1"><img src="https://m.media-amazon.com/images/I/41+xWbXza3L._SL500_.jpg" alt="Product Image"></a><p>AUXITO 9005/HB3 H11/H8/H9 LED Bulbs Combo, 50000LM Bright 6500K Cool White, 120W Fanless Light Bulbs, Pack of 4</p><p> -22% 0FF </p><p>$69.98</p><a href="https://www.amazon.com/dp/B0CDBQT23P?tag=eloabder-20&linkCode=osi&th=1&psc=1">View Product</a></div><div class="product"><a href="https://www.amazon.com/dp/B0D1YGCQH1?tag=eloabder-20&linkCode=osi&th=1&psc=1"><img src="https://m.media-amazon.com/images/I/51Q44nlhKJL._SL500_.jpg" alt="Product Image"></a><p>Marsauto M1S 9005/HB3 H11/H8/H9 Light Bulbs Combo, 800% Super Brighter H11 9005 Bulbs or Fog, 6000K HB3 H9 Cool White, 3 Min Plug and Play Lights Combo, IP68, Pack of 4</p><p> -35% 0FF </p><p>$45.59 ($11.40 / Count)</p><a href="https://www.amazon.com/dp/B0D1YGCQH1?tag=eloabder-20&linkCode=osi&th=1&psc=1">View Product</a></div><div class="product"><a href="https://www.amazon.com/dp/B0F4CZ32P6?tag=eloabder-20&linkCode=osi&th=1&psc=1"><img src="https://m.media-amazon.com/images/I/41-t621Z4+L._SL500_.jpg" alt="Product Image"></a><p>AUTOONE Upgraded H7/H7LL LED Light Bulb, Super Bright Real 1:1 Halogen Mini Size, 10-Year Extended Lifespan, 6500K White Illumination for Automotive Fog Lights, Plug and Play, Pack of 2</p><p> -8% 0FF </p><p>$36.99 ($18.50 / Count)</p><a href="https://www.amazon.com/dp/B0F4CZ32P6?tag=eloabder-20&linkCode=osi&th=1&psc=1">View Product</a></div>
<div class="product"><a href="https://www.amazon.com/dp/B08BHN2NN1?tag=eloabder-20&linkCode=osi&th=1&psc=1"><img src="https://m.media-amazon.com/images/I/41ddySbPN-L._SL500_.jpg" alt="Product Image"></a><p>EMITHSUN OEM QUALITY 26" + 16" Premium All-Seasons Stable And Quiet Windshield Wiper Blades(Set of 2)</p><p> -15% 0FF </p><p>$16.99</p><a href="https://www.amazon.com/dp/B08BHN2NN1?tag=eloabder-20&linkCode=osi&th=1&psc=1">View Product</a></div><div class="product"><a href="https://www.amazon.com/dp/B08MF13665?tag=eloabder-20&linkCode=osi&th=1&psc=1"><img src="https://m.media-amazon.com/images/I/51I-r5q796L._SL500_.jpg" alt="Product Image"></a><p>AUTOBOO 26" and 18" Windshield Wipers Blades (Pack Of 2),OEM Quality Premium All-Seasons Wiper blades,Stable and Quiet Armor wiper blades</p><p> -20% 0FF </p><p>$15.98</p><a href="https://www.amazon.com/dp/B08MF13665?tag=eloabder-20&linkCode=osi&th=1&psc=1">View Product</a></div><div class="product"><a href="https://www.amazon.com/dp/B088RJ168L?tag=eloabder-20&linkCode=osi&th=1&psc=1"><img src="https://m.media-amazon.com/images/I/410IqJ2r+hL._SL500_.jpg" alt="Product Image"></a><p>OEM QUALITY 26" + 19" PARRATI Premium All-Season Windshield Wiper Blades (Set of 2)</p><p> -13% 0FF </p><p>$17.39</p><a href="https://www.amazon.com/dp/B088RJ168L?tag=eloabder-20&linkCode=osi&th=1&psc=1">View Product</a></div><div class="product"><a href="https://www.amazon.com/dp/B0BHTHFTJH?tag=eloabder-20&linkCode=osi&th=1&psc=1"><img src="https://m.media-amazon.com/images/I/41CZndsAdkL._SL500_.jpg" alt="Product Image"></a><p>Wenyant 28"+28" Compatible with Ford Edge 2020-2015 Escape 2019-2013 Focus 2018-2012 Fusion 2019-2013 Front Windshield Wiper Blades for My Car Original Equipment Automotive Replacement (Set of 2)</p><p> -10% 0FF </p><p>$17.99</p><a href="https://www.amazon.com/dp/B0BHTHFTJH?tag=eloabder-20&linkCode=osi&th=1&psc=1">View Product</a></div>
<div class="product"><a href="https://www.amazon.com/dp/B098SCL6WY?tag=eloabder-20&linkCode=osi&th=1&psc=1"><img src="https://m.media-amazon.com/images/I/413q5T98ohL._SL500_.jpg" alt="Product Image"></a><p>Car Rooftop Cargo Carrier - 21 Cubic Feet, 100% Waterproof Heavy Duty 840D Car Roof Bag for All Vehicles with/Without Racks - Anti-Slip Mat, 6 Door Hooks, Storage Bag, 2 Extra Straps</p><p> -23% 0FF </p><p>$99.99</p><a href="https://www.amazon.com/dp/B098SCL6WY?tag=eloabder-20&linkCode=osi&th=1&psc=1">View Product</a></div><div class="product"><a href="https://www.amazon.com/dp/B083T53K3P?tag=eloabder-20&linkCode=osi&th=1&psc=1"><img src="https://m.media-amazon.com/images/I/31a-GM0ujxL._SL500_.jpg" alt="Product Image"></a><p>Amazon Basics Cross Rail Roof Rack, 52 inches, Fits up to 46" Spans between Raised Side Rails with Gap, Pack of 2, Black/Silver</p><p> -8% 0FF </p><p>$53.99</p><a href="https://www.amazon.com/dp/B083T53K3P?tag=eloabder-20&linkCode=osi&th=1&psc=1">View Product</a></div><div class="product"><a href="https://www.amazon.com/dp/B0DHVGLZHS?tag=eloabder-20&linkCode=osi&th=1&psc=1"><img src="https://m.media-amazon.com/images/I/31S6dp9t7gL._SL500_.jpg" alt="Product Image"></a><p>VEVOR Universal Roof Rack Cross Bars, 41.3" Aluminum Roof Rack with 155 lbs Load Capacity, Adjustable Roof Crossbars with Locks, fit Cars Without Side Rail, for SUVs, Sedans, and Vans</p><p> -13% 0FF </p><p>$53.99</p><a href="https://www.amazon.com/dp/B0DHVGLZHS?tag=eloabder-20&linkCode=osi&th=1&psc=1">View Product</a></div>
<div class="product"><a href="https://www.amazon.com/dp/B000AAYBSW?tag=eloabder-20&linkCode=osi&th=1&psc=1"><img src="https://m.media-amazon.com/images/I/41YERSWqFDL._SL500_.jpg" alt="Product Image"></a><p>BELL Double Back Two-Bike Trunk Rack</p><p> -41% 0FF </p><p>$47.99</p><a href="https://www.amazon.com/dp/B000AAYBSW?tag=eloabder-20&linkCode=osi&th=1&psc=1">View Product</a></div>
<div class="product"><a href="https://www.amazon.com/dp/B0CZP1HLSW?tag=eloabder-20&linkCode=osi&th=1&psc=1"><img src="https://m.media-amazon.com/images/I/31MJck4XJeL._SL500_.jpg" alt="Product Image"></a><p>Asinking Car Rooftop Cargo Carrier Bag - 100% Waterproof Heavy Duty Car Roof Luggage Carrier 21 Cubic Feet, Fits All Vehicles with/Without Roof Rack - Easy Install & Triply Reinforced for Secure Use</p><p> -57% 0FF </p><p>$59.97</p><a href="https://www.amazon.com/dp/B0CZP1HLSW?tag=eloabder-20&linkCode=osi&th=1&psc=1">View Product</a></div><div class="product"><a href="https://www.amazon.com/dp/B07P72DV84?tag=eloabder-20&linkCode=osi&th=1&psc=1"><img src="https://m.media-amazon.com/images/I/51kqBbI1pAL._SL500_.jpg" alt="Product Image"></a><p>OKLEAD 500 Lbs Heavy Duty Hitch Mount Cargo Carrier 60" x 24" x 14.4" Folding Cargo Rack Rear Luggage Basket Fits 2" Receiver for Car SUV Camping Traveling</p><p> -12% 0FF </p><p>$229.99</p><a href="https://www.amazon.com/dp/B07P72DV84?tag=eloabder-20&linkCode=osi&th=1&psc=1">View Product</a></div>
<div class="product"><a href="https://www.amazon.com/dp/B08LPJB9KK?tag=eloabder-20&linkCode=osi&th=1&psc=1"><img src="https://m.media-amazon.com/images/I/51UPOojNtBL._SL500_.jpg" alt="Product Image"></a><p>PETICON SUV Cargo Liner for Dogs, Waterproof Pet Cargo Cover Dog Seat Mat for SUVs Sedans Vans with Bumper Flap Protector, Non-Slip, Large Size Universal Fit, Black</p><p> -10% 0FF </p><p>$44.99</p><a href="https://www.amazon.com/dp/B08LPJB9KK?tag=eloabder-20&linkCode=osi&th=1&psc=1">View Product</a></div><div class="product"><a href="https://www.amazon.com/dp/B071JY9G2P?tag=eloabder-20&linkCode=osi&th=1&psc=1"><img src="https://m.media-amazon.com/images/I/51edZTY6iEL._SL500_.jpg" alt="Product Image"></a><p>HelloTree SUV Cargo Liner for Dogs Waterproof Pet Cargo Cover Dog Seat Mat for SUVs Oxford Car SUV Seat Cover Trunk Protector for Vehicles Washable Dog Accessories</p><p> -15% 0FF </p><p>$19.54</p><a href="https://www.amazon.com/dp/B071JY9G2P?tag=eloabder-20&linkCode=osi&th=1&psc=1">View Product</a></div><div class="product"><a href="https://www.amazon.com/dp/B0DS5X7GYS?tag=eloabder-20&linkCode=osi&th=1&psc=1"><img src="https://m.media-amazon.com/images/I/41r6K3mRSiL._SL500_.jpg" alt="Product Image"></a><p>fidozen Universal Cargo Liner for SUV – Waterproof Dog Trunk Mat, Non-Slip Back Seat Protector, Car Bed Cover, Pet Barrier, Rear Liner Accessories for Trucks & Sedans, Universal Fit Trunk Cover</p><p> -13% 0FF </p><p>$19.99</p><a href="https://www.amazon.com/dp/B0DS5X7GYS?tag=eloabder-20&linkCode=osi&th=1&psc=1">View Product</a></div>
<div class="product"><a href="https://www.amazon.com/dp/B0FCCFR3FK?tag=eloabder-20&linkCode=osi&th=1&psc=1"><img src="https://m.media-amazon.com/images/I/51YvAjjXd1L._SL500_.jpg" alt="Product Image"></a><p>KoovDem 2-PCS Universal Metal Belt - Durable - Extenders Bag Quick Release Buckle for Replacement 14-Inch Belt Buckle</p><p> -18% 0FF </p><p>$22.99</p><a href="https://www.amazon.com/dp/B0FCCFR3FK?tag=eloabder-20&linkCode=osi&th=1&psc=1">View Product</a></div><div class="product"><a href="https://www.amazon.com/dp/B084P36HWT?tag=eloabder-20&linkCode=osi&th=1&psc=1"><img src="https://m.media-amazon.com/images/I/31IpG2p7-UL._SL500_.jpg" alt="Product Image"></a><p>RHOX SEAT-2000 Seat Belt 60" Length, 2" Width Golf carts</p><p> -11% 0FF </p><p>$31.24</p><a href="https://www.amazon.com/dp/B084P36HWT?tag=eloabder-20&linkCode=osi&th=1&psc=1">View Product</a></div><div class="product"><a href="https://www.amazon.com/dp/B09G6MQ4B3?tag=eloabder-20&linkCode=osi&th=1&psc=1"><img src="https://m.media-amazon.com/images/I/418T0z-MqtL._SL500_.jpg" alt="Product Image"></a><p>iLSKW Retractable 61" DOT Seat Belts Universal Seat Belts for Golf Cart EZGO TXT RXV, Yamaha, Club Car (1 Set Only)</p><p> -27% 0FF </p><p>$21.99</p><a href="https://www.amazon.com/dp/B09G6MQ4B3?tag=eloabder-20&linkCode=osi&th=1&psc=1">View Product</a></div>

<div class="product"><a href="https://www.amazon.com/dp/B004HCS4NW?tag=eloabder-20&linkCode=osi&th=1&psc=1"><img src="https://m.media-amazon.com/images/I/41j5b6xRqNL._SL500_.jpg" alt="Product Image"></a><p>Meguiar's G2016 Convertible Top Cleaner, 16 Fluid Ounces, Units per Each</p><p> -31% 0FF </p><p>$8.28 ($0.52 / Fl Oz)</p><a href="https://www.amazon.com/dp/B004HCS4NW?tag=eloabder-20&linkCode=osi&th=1&psc=1">View Product</a></div><div class="product"><a href="https://www.amazon.com/dp/B0BS42VY2N?tag=eloabder-20&linkCode=osi&th=1&psc=1"><img src="https://m.media-amazon.com/images/I/4179SVWrunL._SL500_.jpg" alt="Product Image"></a><p>A-Premium Black Convertible Soft Top Compatible with Ford Mustang 2005-2014, Convertible, with Glass Window</p><p> -12% 0FF </p><p>$309.99</p><a href="https://www.amazon.com/dp/B0BS42VY2N?tag=eloabder-20&linkCode=osi&th=1&psc=1">View Product</a></div>
<div class="product"><a href="https://www.amazon.com/dp/B00029CYRG?tag=eloabder-20&linkCode=osi&th=1&psc=1"><img src="https://m.media-amazon.com/images/I/41Hnigm4E8L._SL500_.jpg" alt="Product Image"></a><p>Meguiar's M6732 Marine/RV One Step Compound, Remove Oxidation, Stains, Scratches, and Water Spots, Restore The Color and Shine of Fiberglass Gel Coat Finishes, 32 Oz Bottle</p><p> -10% 0FF </p><p>$19.62 ($0.61 / Fl Oz)</p><a href="https://www.amazon.com/dp/B00029CYRG?tag=eloabder-20&linkCode=osi&th=1&psc=1">View Product</a></div><div class="product"><a href="https://www.amazon.com/dp/B0007TR47G?tag=eloabder-20&linkCode=osi&th=1&psc=1"><img src="https://m.media-amazon.com/images/I/41TJAH5y4lL._SL500_.jpg" alt="Product Image"></a><p>Meguiar's M6332 Flagship Premium Marine Wax, Easy to Use Boat Polish and Wax, Remove Scratches, Swirls, and Oxidation While Leaving Lasting Protection, 32 Oz Bottle</p><p> -30% 0FF </p><p>$24.96</p><a href="https://www.amazon.com/dp/B0007TR47G?tag=eloabder-20&linkCode=osi&th=1&psc=1">View Product</a></div><div class="product"><a href="https://www.amazon.com/dp/B001GXDWGO?tag=eloabder-20&linkCode=osi&th=1&psc=1"><img src="https://m.media-amazon.com/images/I/41Gisw5b70L._SL500_.jpg" alt="Product Image"></a><p>Hardline Products Series 350 Factory Matched 3-Inch Boat & PWC Registration Number Kit, Solid Black - BLK350EC</p><p> -6% 0FF </p><p>$12.10</p><a href="https://www.amazon.com/dp/B001GXDWGO?tag=eloabder-20&linkCode=osi&th=1&psc=1">View Product</a></div><div class="product"><a href="https://www.amazon.com/dp/B0000AY4YT?tag=eloabder-20&linkCode=osi&th=1&psc=1"><img src="https://m.media-amazon.com/images/I/51Dl0tlwnQL._SL500_.jpg" alt="Product Image"></a><p>Meguiar's M4965 Marine/RV Fiberglass Restoration System, 3-Piece Marine Fiberglass Repair Kit Featuring Oxidation Remover for Boat Care Plus Boat Polish and Wax</p><p> -35% 0FF </p><p>$34.63</p><a href="https://www.amazon.com/dp/B0000AY4YT?tag=eloabder-20&linkCode=osi&th=1&psc=1">View Product</a></div>

<div class="product"><a href="https://www.amazon.com/dp/B000MT94QA?tag=eloabder-20&linkCode=osi&th=1&psc=1"><img src="https://m.media-amazon.com/images/I/41j+V11HWVL._SL500_.jpg" alt="Product Image"></a><p>Scepter Duramax Flo ’N Go 14 Gallon (53 Liter) Fueling Station, Portable Gas Caddy and Fuel Transfer Pump with 10-Foot Hose for Lawn Mower, Farm, Marine, Commercial, and Home Use, Gasoline Only, Red</p><p> -8% 0FF </p><p>$141.99</p><a href="https://www.amazon.com/dp/B000MT94QA?tag=eloabder-20&linkCode=osi&th=1&psc=1">View Product</a></div><div class="product"><a href="https://www.amazon.com/dp/B001HVJKSY?tag=eloabder-20&linkCode=osi&th=1&psc=1"><img src="https://m.media-amazon.com/images/I/41yrThZv51L._SL500_.jpg" alt="Product Image"></a><p>RDS MFG INC 72771 Fuel Tank</p><p> -9% 0FF </p><p>$758.78</p><a href="https://www.amazon.com/dp/B001HVJKSY?tag=eloabder-20&linkCode=osi&th=1&psc=1">View Product</a></div>



<div class="product"><a href="https://www.amazon.com/dp/B098WVKF19?tag=eloabder-20&linkCode=osi&th=1&psc=1"><img src="https://m.media-amazon.com/images/I/41IK3vBCYyL._SL500_.jpg" alt="Product Image"></a><p>REDTIGER Dash Cam Front Rear, 4K/2.5K Full HD Dash Camera for Cars, Included 32GB Card, Built-in Wi-Fi GPS, APP Control, 3.18" IPS Screen, Night Vision, Wide Angle, WDR, 24H Parking Mode(F7NP)</p><p> -55% 0FF </p><p>$89.99</p><a href="https://www.amazon.com/dp/B098WVKF19?tag=eloabder-20&linkCode=osi&th=1&psc=1">View Product</a></div><div class="product"><a href="https://www.amazon.com/dp/B0D6J5B98H?tag=eloabder-20&linkCode=osi&th=1&psc=1"><img src="https://m.media-amazon.com/images/I/51SmyQooLuL._SL500_.jpg" alt="Product Image"></a><p>ROVE R2-4K DUAL Dash Cam Front and Rear, STARVIS 2 Sensor, FREE 128GB Card Included, 5G WiFi - up to 20MB/s Fastest Download Speed with App, 4K 2160P/FHD Dash Camera for Cars, 3" IPS, 24H Parking Mode</p><p> -35% 0FF </p><p>$129.99</p><a href="https://www.amazon.com/dp/B0D6J5B98H?tag=eloabder-20&linkCode=osi&th=1&psc=1">View Product</a></div><div class="product"><a href="https://www.amazon.com/dp/B0CKXMKRCS?tag=eloabder-20&linkCode=osi&th=1&psc=1"><img src="https://m.media-amazon.com/images/I/51V46zR7lIL._SL500_.jpg" alt="Product Image"></a><p>Dash Cam WiFi 2K, Car Camera with APP, Front Dash Camera for Cars, Mini Dashcams with WDR Night Vision, 24 Hours Parking Monitor, Loop Recording, G-Sensor</p><p> -33% 0FF </p><p>$39.98</p><a href="https://www.amazon.com/dp/B0CKXMKRCS?tag=eloabder-20&linkCode=osi&th=1&psc=1">View Product</a></div><div class="product"><a href="https://www.amazon.com/dp/B0C2Y6WXJ7?tag=eloabder-20&linkCode=osi&th=1&psc=1"><img src="https://m.media-amazon.com/images/I/51osSkFBZDL._SL500_.jpg" alt="Product Image"></a><p>Dash Cam Front and Rear, 1080P Dash Camera for Cars, 3 Channel Car Camera Front Rear and Inside with 32GB Card, Loop Recording, Night Vision, HDR, G-Sensor, 24Hr Parking</p><p> -14% 0FF </p><p>$59.99</p><a href="https://www.amazon.com/dp/B0C2Y6WXJ7?tag=eloabder-20&linkCode=osi&th=1&psc=1">View Product</a></div><div class="product"><a href="https://www.amazon.com/dp/B0C6YBHKJ5?tag=eloabder-20&linkCode=osi&th=1&psc=1"><img src="https://m.media-amazon.com/images/I/51ktc2240CL._SL500_.jpg" alt="Product Image"></a><p>REDTIGER 4K Dash Cam Front and Rear, STARVIS 2 Sensor, Touch Screen 3.18", 128GB Card Included, Voice Control, 5.8GHz WiFi Car Dash Camera, GPS, Night Vision, Emergency Lock, Parking Mode (F7N Touch)</p><p> -25% 0FF </p><p>$149.99</p><a href="https://www.amazon.com/dp/B0C6YBHKJ5?tag=eloabder-20&linkCode=osi&th=1&psc=1">View Product</a></div><div class="product"><a href="https://www.amazon.com/dp/B0BKF6XQVY?tag=eloabder-20&linkCode=osi&th=1&psc=1"><img src="https://m.media-amazon.com/images/I/41kQ6r03ocL._SL500_.jpg" alt="Product Image"></a><p>ARIFAYZ Dash Cam Front and Rear 4K+1080P, Free 64GB Card, Built-in WiFi, Dash Camera for Cars, Car Camera, Dual Dashcams for Cars with Night Vision, 24 Hours Parking Monitor, Loop Recording</p><p> -10% 0FF </p><p>$89.99</p><a href="https://www.amazon.com/dp/B0BKF6XQVY?tag=eloabder-20&linkCode=osi&th=1&psc=1">View Product</a></div>
<div class="product"><a href="https://www.amazon.com/dp/B07LF7YBNF?tag=eloabder-20&linkCode=osi&th=1&psc=1"><img src="https://m.media-amazon.com/images/I/514tDraUiKL._SL500_.jpg" alt="Product Image"></a><p>BANVIE Car Alarm System, Security Antitheft Alarm Systems with Keyless Entry, with Microwave Sensor & Shock Sensor</p><p> -11% 0FF </p><p>$32.99</p><a href="https://www.amazon.com/dp/B07LF7YBNF?tag=eloabder-20&linkCode=osi&th=1&psc=1">View Product</a></div>
<div class="product"><a href="https://www.amazon.com/dp/B07FT6R38V?tag=eloabder-20&linkCode=osi&th=1&psc=1"><img src="https://m.media-amazon.com/images/I/51PS4hJmevL._SL500_.jpg" alt="Product Image"></a><p>LIANXIN Roadside Assistance Emergency Kit - Car Emergency Kit with Jumper Cables (Upgraded) Emergency Roadside Kit for Car 142 Pieces Car Safety Kits,Tow Strap,Tool Kit,Reflective Warning Triangle</p><p> -5% 0FF </p><p>$39.99</p><a href="https://www.amazon.com/dp/B07FT6R38V?tag=eloabder-20&linkCode=osi&th=1&psc=1">View Product</a></div><div class="product"><a href="https://www.amazon.com/dp/B07BR7Q4RG?tag=eloabder-20&linkCode=osi&th=1&psc=1"><img src="https://m.media-amazon.com/images/I/51wT7DxPZ-L._SL500_.jpg" alt="Product Image"></a><p>STDY Car Roadside Emergency Kit, Vehicle Truck Safety Road Side Assistance Kits Auto Accessory, with Jumper Cables, First Aid Kit, Tow Rope, Reflective Triangle, Tire Pressure Gauge, etc</p><p> -36% 0FF </p><p>$34.99</p><a href="https://www.amazon.com/dp/B07BR7Q4RG?tag=eloabder-20&linkCode=osi&th=1&psc=1">View Product</a></div><div class="product"><a href="https://www.amazon.com/dp/B08RS888RH?tag=eloabder-20&linkCode=osi&th=1&psc=1"><img src="https://m.media-amazon.com/images/I/511WieELkPL._SL500_.jpg" alt="Product Image"></a><p>Vetoos Car Roadside Emergency Kit with Jumper Cables, Auto Vehicle Safety Road Side Assistance Kits, Winter Car Kit Essentials for Women and Men, with Car Repair Tool Set, Folding Survival Shovel</p><p> -33% 0FF </p><p>$39.99</p><a href="https://www.amazon.com/dp/B08RS888RH?tag=eloabder-20&linkCode=osi&th=1&psc=1">View Product</a></div><div class="product"><a href="https://www.amazon.com/dp/B086ZZ145D?tag=eloabder-20&linkCode=osi&th=1&psc=1"><img src="https://m.media-amazon.com/images/I/517daXfVHHL._SL500_.jpg" alt="Product Image"></a><p>Vetoos Roadside Emergency Car Kit with Jumper Cables, Auto Vehicle Safety Road Side Assistance Kit Essentials, Winter Car Kit for Women and Men, with Mini Car Tool Set, Dial Tire Pressure Gauge</p><p> -30% 0FF </p><p>$34.99</p><a href="https://www.amazon.com/dp/B086ZZ145D?tag=eloabder-20&linkCode=osi&th=1&psc=1">View Product</a></div><div class="product"><a href="https://www.amazon.com/dp/B09QXJF7C5?tag=eloabder-20&linkCode=osi&th=1&psc=1"><img src="https://m.media-amazon.com/images/I/51Mvi43rtIL._SL500_.jpg" alt="Product Image"></a><p>WETBAS Car Roadside Emergency Kit, Auto Vehicle Safety Emergency Road Side Assistance Kits Essentials, Solenoid Starter Repair Kit with Jumper Cables, Safety Hammer, Reflective Warning Triangle</p><p> -36% 0FF </p><p>$34.98</p><a href="https://www.amazon.com/dp/B09QXJF7C5?tag=eloabder-20&linkCode=osi&th=1&psc=1">View Product</a></div>

<div class="product"><a href="https://www.amazon.com/dp/B0DH1TN5BW?tag=eloabder-20&linkCode=osi&th=1&psc=1"><img src="https://m.media-amazon.com/images/I/411obZQLkyL._SL500_.jpg" alt="Product Image"></a><p>Miroddi Keychain with Smart Tracker, Men's Keychain Works with Find My App, Heavy Duty Car Key Chains with Bottle Opener Fob Carabiner, Key Finder GPS Tracker, Rechargeable, Gunmetal</p><p> -10% 0FF </p><p>$29.69</p><a href="https://www.amazon.com/dp/B0DH1TN5BW?tag=eloabder-20&linkCode=osi&th=1&psc=1">View Product</a></div><div class="product"><a href="https://www.amazon.com/dp/B09XM96H87?tag=eloabder-20&linkCode=osi&th=1&psc=1"><img src="https://m.media-amazon.com/images/I/41Fo2NZJx5L._SL500_.jpg" alt="Product Image"></a><p>SinoTrack Digital GPS Speedometer Universal Heads Up Display for Car 5.5 inch Large LCD Display HUD with MPH Speed Fatigued Driving Alert Overspeed Alarm Trip Meter for All Vehicle</p><p> -9% 0FF </p><p>$29.98</p><a href="https://www.amazon.com/dp/B09XM96H87?tag=eloabder-20&linkCode=osi&th=1&psc=1">View Product</a></div><div class="product"><a href="https://www.amazon.com/dp/B0DLBDTFL7?tag=eloabder-20&linkCode=osi&th=1&psc=1"><img src="https://m.media-amazon.com/images/I/41NGzpkL0sL._SL500_.jpg" alt="Product Image"></a><p>GPS Navigator for Car Truck RV, Latest 2025 Map, 7 inch Touch Screen Real Voice Spoken Turn-by-Turn Direction Reminding Navigation System for Cars, Vehicle GPS with Speed and Red Light Warning (Blue)</p><p> -19% 0FF </p><p>$56.99</p><a href="https://www.amazon.com/dp/B0DLBDTFL7?tag=eloabder-20&linkCode=osi&th=1&psc=1">View Product</a></div><div class="product"><a href="https://www.amazon.com/dp/B0B5M53F92?tag=eloabder-20&linkCode=osi&th=1&psc=1"><img src="https://m.media-amazon.com/images/I/41jXjmrwkOL._SL500_.jpg" alt="Product Image"></a><p>Premium GPS Tracking Sticker for car, Bike, Motorcycle Anti-Theft Stickers This Vehicle Protected by Warning Tracker Sticker Decal Self Adhesive Sign 4" x 2" Vinyl — UV Resistent (Pack of 2)</p><p> -15% 0FF </p><p>$4.99 ($2.50 / Count)</p><a href="https://www.amazon.com/dp/B0B5M53F92?tag=eloabder-20&linkCode=osi&th=1&psc=1">View Product</a></div>
<div class="product"><a href="https://www.amazon.com/dp/B083GHXFTJ?tag=eloabder-20&linkCode=osi&th=1&psc=1"><img src="https://m.media-amazon.com/images/I/51YLCVtIhJL._SL500_.jpg" alt="Product Image"></a><p>Winzwon Interior Led Lights for Car Accessories for Women Men, Birthday Gifts for Men Him, APP Control with USB Port Music Sync Color Change Lights for Jeep Truck Decor, 12V</p><p> -23% 0FF </p><p>$9.99 ($2.50 / Count)</p><a href="https://www.amazon.com/dp/B083GHXFTJ?tag=eloabder-20&linkCode=osi&th=1&psc=1">View Product</a></div><div class="product"><a href="https://www.amazon.com/dp/B08F9PF2Y5?tag=eloabder-20&linkCode=osi&th=1&psc=1"><img src="https://m.media-amazon.com/images/I/51erdB7xL4L._SL500_.jpg" alt="Product Image"></a><p>Interior Car LED Strip Lights APP Control, 5 in 1 RGB 16 Million Colors Ambient Lighting Kit with 236 inches Fiber Optic, Music Mode Inside Car Lighting Decorations</p><p> -5% 0FF </p><p>$20.88</p><a href="https://www.amazon.com/dp/B08F9PF2Y5?tag=eloabder-20&linkCode=osi&th=1&psc=1">View Product</a></div><div class="product"><a href="https://www.amazon.com/dp/B097CB5WXB?tag=eloabder-20&linkCode=osi&th=1&psc=1"><img src="https://m.media-amazon.com/images/I/51T-wkU4nKL._SL500_.jpg" alt="Product Image"></a><p>Interior Car Lights Keepsmile Car Accessories APP Control with Remote Music Sync Color Change RGB Under Dash Lighting with Charger 12V LED Lights Running Board Lights</p><p> -20% 0FF </p><p>$15.99</p><a href="https://www.amazon.com/dp/B097CB5WXB?tag=eloabder-20&linkCode=osi&th=1&psc=1">View Product</a></div>
<div class="product"><a href="https://www.amazon.com/dp/B0CDBQT23P?tag=eloabder-20&linkCode=osi&th=1&psc=1"><img src="https://m.media-amazon.com/images/I/41+xWbXza3L._SL500_.jpg" alt="Product Image"></a><p>AUXITO 9005/HB3 H11/H8/H9 LED Bulbs Combo, 50000LM Bright 6500K Cool White, 120W Fanless Light Bulbs, Pack of 4</p><p> -22% 0FF </p><p>$69.98</p><a href="https://www.amazon.com/dp/B0CDBQT23P?tag=eloabder-20&linkCode=osi&th=1&psc=1">View Product</a></div><div class="product"><a href="https://www.amazon.com/dp/B0D1YGCQH1?tag=eloabder-20&linkCode=osi&th=1&psc=1"><img src="https://m.media-amazon.com/images/I/51Q44nlhKJL._SL500_.jpg" alt="Product Image"></a><p>Marsauto M1S 9005/HB3 H11/H8/H9 Light Bulbs Combo, 800% Super Brighter H11 9005 Bulbs or Fog, 6000K HB3 H9 Cool White, 3 Min Plug and Play Lights Combo, IP68, Pack of 4</p><p> -35% 0FF </p><p>$45.59 ($11.40 / Count)</p><a href="https://www.amazon.com/dp/B0D1YGCQH1?tag=eloabder-20&linkCode=osi&th=1&psc=1">View Product</a></div><div class="product"><a href="https://www.amazon.com/dp/B0F4CZ32P6?tag=eloabder-20&linkCode=osi&th=1&psc=1"><img src="https://m.media-amazon.com/images/I/41-t621Z4+L._SL500_.jpg" alt="Product Image"></a><p>AUTOONE Upgraded H7/H7LL LED Light Bulb, Super Bright Real 1:1 Halogen Mini Size, 10-Year Extended Lifespan, 6500K White Illumination for Automotive Fog Lights, Plug and Play, Pack of 2</p><p> -8% 0FF </p><p>$36.99 ($18.50 / Count)</p><a href="https://www.amazon.com/dp/B0F4CZ32P6?tag=eloabder-20&linkCode=osi&th=1&psc=1">View Product</a></div>
<div class="product"><a href="https://www.amazon.com/dp/B08BHN2NN1?tag=eloabder-20&linkCode=osi&th=1&psc=1"><img src="https://m.media-amazon.com/images/I/41ddySbPN-L._SL500_.jpg" alt="Product Image"></a><p>EMITHSUN OEM QUALITY 26" + 16" Premium All-Seasons Stable And Quiet Windshield Wiper Blades(Set of 2)</p><p> -15% 0FF </p><p>$16.99</p><a href="https://www.amazon.com/dp/B08BHN2NN1?tag=eloabder-20&linkCode=osi&th=1&psc=1">View Product</a></div><div class="product"><a href="https://www.amazon.com/dp/B08MF13665?tag=eloabder-20&linkCode=osi&th=1&psc=1"><img src="https://m.media-amazon.com/images/I/51I-r5q796L._SL500_.jpg" alt="Product Image"></a><p>AUTOBOO 26" and 18" Windshield Wipers Blades (Pack Of 2),OEM Quality Premium All-Seasons Wiper blades,Stable and Quiet Armor wiper blades</p><p> -20% 0FF </p><p>$15.98</p><a href="https://www.amazon.com/dp/B08MF13665?tag=eloabder-20&linkCode=osi&th=1&psc=1">View Product</a></div><div class="product"><a href="https://www.amazon.com/dp/B088RJ168L?tag=eloabder-20&linkCode=osi&th=1&psc=1"><img src="https://m.media-amazon.com/images/I/410IqJ2r+hL._SL500_.jpg" alt="Product Image"></a><p>OEM QUALITY 26" + 19" PARRATI Premium All-Season Windshield Wiper Blades (Set of 2)</p><p> -13% 0FF </p><p>$17.39</p><a href="https://www.amazon.com/dp/B088RJ168L?tag=eloabder-20&linkCode=osi&th=1&psc=1">View Product</a></div><div class="product"><a href="https://www.amazon.com/dp/B0BHTHFTJH?tag=eloabder-20&linkCode=osi&th=1&psc=1"><img src="https://m.media-amazon.com/images/I/41CZndsAdkL._SL500_.jpg" alt="Product Image"></a><p>Wenyant 28"+28" Compatible with Ford Edge 2020-2015 Escape 2019-2013 Focus 2018-2012 Fusion 2019-2013 Front Windshield Wiper Blades for My Car Original Equipment Automotive Replacement (Set of 2)</p><p> -10% 0FF </p><p>$17.99</p><a href="https://www.amazon.com/dp/B0BHTHFTJH?tag=eloabder-20&linkCode=osi&th=1&psc=1">View Product</a></div>
<div class="product"><a href="https://www.amazon.com/dp/B098SCL6WY?tag=eloabder-20&linkCode=osi&th=1&psc=1"><img src="https://m.media-amazon.com/images/I/413q5T98ohL._SL500_.jpg" alt="Product Image"></a><p>Car Rooftop Cargo Carrier - 21 Cubic Feet, 100% Waterproof Heavy Duty 840D Car Roof Bag for All Vehicles with/Without Racks - Anti-Slip Mat, 6 Door Hooks, Storage Bag, 2 Extra Straps</p><p> -23% 0FF </p><p>$99.99</p><a href="https://www.amazon.com/dp/B098SCL6WY?tag=eloabder-20&linkCode=osi&th=1&psc=1">View Product</a></div><div class="product"><a href="https://www.amazon.com/dp/B083T53K3P?tag=eloabder-20&linkCode=osi&th=1&psc=1"><img src="https://m.media-amazon.com/images/I/31a-GM0ujxL._SL500_.jpg" alt="Product Image"></a><p>Amazon Basics Cross Rail Roof Rack, 52 inches, Fits up to 46" Spans between Raised Side Rails with Gap, Pack of 2, Black/Silver</p><p> -8% 0FF </p><p>$53.99</p><a href="https://www.amazon.com/dp/B083T53K3P?tag=eloabder-20&linkCode=osi&th=1&psc=1">View Product</a></div><div class="product"><a href="https://www.amazon.com/dp/B0DHVGLZHS?tag=eloabder-20&linkCode=osi&th=1&psc=1"><img src="https://m.media-amazon.com/images/I/31S6dp9t7gL._SL500_.jpg" alt="Product Image"></a><p>VEVOR Universal Roof Rack Cross Bars, 41.3" Aluminum Roof Rack with 155 lbs Load Capacity, Adjustable Roof Crossbars with Locks, fit Cars Without Side Rail, for SUVs, Sedans, and Vans</p><p> -13% 0FF </p><p>$53.99</p><a href="https://www.amazon.com/dp/B0DHVGLZHS?tag=eloabder-20&linkCode=osi&th=1&psc=1">View Product</a></div>
<div class="product"><a href="https://www.amazon.com/dp/B000AAYBSW?tag=eloabder-20&linkCode=osi&th=1&psc=1"><img src="https://m.media-amazon.com/images/I/41YERSWqFDL._SL500_.jpg" alt="Product Image"></a><p>BELL Double Back Two-Bike Trunk Rack</p><p> -41% 0FF </p><p>$47.99</p><a href="https://www.amazon.com/dp/B000AAYBSW?tag=eloabder-20&linkCode=osi&th=1&psc=1">View Product</a></div>
<div class="product"><a href="https://www.amazon.com/dp/B0CZP1HLSW?tag=eloabder-20&linkCode=osi&th=1&psc=1"><img src="https://m.media-amazon.com/images/I/31MJck4XJeL._SL500_.jpg" alt="Product Image"></a><p>Asinking Car Rooftop Cargo Carrier Bag - 100% Waterproof Heavy Duty Car Roof Luggage Carrier 21 Cubic Feet, Fits All Vehicles with/Without Roof Rack - Easy Install & Triply Reinforced for Secure Use</p><p> -57% 0FF </p><p>$59.97</p><a href="https://www.amazon.com/dp/B0CZP1HLSW?tag=eloabder-20&linkCode=osi&th=1&psc=1">View Product</a></div><div class="product"><a href="https://www.amazon.com/dp/B07P72DV84?tag=eloabder-20&linkCode=osi&th=1&psc=1"><img src="https://m.media-amazon.com/images/I/51kqBbI1pAL._SL500_.jpg" alt="Product Image"></a><p>OKLEAD 500 Lbs Heavy Duty Hitch Mount Cargo Carrier 60" x 24" x 14.4" Folding Cargo Rack Rear Luggage Basket Fits 2" Receiver for Car SUV Camping Traveling</p><p> -12% 0FF </p><p>$229.99</p><a href="https://www.amazon.com/dp/B07P72DV84?tag=eloabder-20&linkCode=osi&th=1&psc=1">View Product</a></div>
<div class="product"><a href="https://www.amazon.com/dp/B08LPJB9KK?tag=eloabder-20&linkCode=osi&th=1&psc=1"><img src="https://m.media-amazon.com/images/I/51UPOojNtBL._SL500_.jpg" alt="Product Image"></a><p>PETICON SUV Cargo Liner for Dogs, Waterproof Pet Cargo Cover Dog Seat Mat for SUVs Sedans Vans with Bumper Flap Protector, Non-Slip, Large Size Universal Fit, Black</p><p> -10% 0FF </p><p>$44.99</p><a href="https://www.amazon.com/dp/B08LPJB9KK?tag=eloabder-20&linkCode=osi&th=1&psc=1">View Product</a></div><div class="product"><a href="https://www.amazon.com/dp/B071JY9G2P?tag=eloabder-20&linkCode=osi&th=1&psc=1"><img src="https://m.media-amazon.com/images/I/51edZTY6iEL._SL500_.jpg" alt="Product Image"></a><p>HelloTree SUV Cargo Liner for Dogs Waterproof Pet Cargo Cover Dog Seat Mat for SUVs Oxford Car SUV Seat Cover Trunk Protector for Vehicles Washable Dog Accessories</p><p> -15% 0FF </p><p>$19.54</p><a href="https://www.amazon.com/dp/B071JY9G2P?tag=eloabder-20&linkCode=osi&th=1&psc=1">View Product</a></div><div class="product"><a href="https://www.amazon.com/dp/B0DS5X7GYS?tag=eloabder-20&linkCode=osi&th=1&psc=1"><img src="https://m.media-amazon.com/images/I/41r6K3mRSiL._SL500_.jpg" alt="Product Image"></a><p>fidozen Universal Cargo Liner for SUV – Waterproof Dog Trunk Mat, Non-Slip Back Seat Protector, Car Bed Cover, Pet Barrier, Rear Liner Accessories for Trucks & Sedans, Universal Fit Trunk Cover</p><p> -13% 0FF </p><p>$19.99</p><a href="https://www.amazon.com/dp/B0DS5X7GYS?tag=eloabder-20&linkCode=osi&th=1&psc=1">View Product</a></div>
<div class="product"><a href="https://www.amazon.com/dp/B0FCCFR3FK?tag=eloabder-20&linkCode=osi&th=1&psc=1"><img src="https://m.media-amazon.com/images/I/51YvAjjXd1L._SL500_.jpg" alt="Product Image"></a><p>KoovDem 2-PCS Universal Metal Belt - Durable - Extenders Bag Quick Release Buckle for Replacement 14-Inch Belt Buckle</p><p> -18% 0FF </p><p>$22.99</p><a href="https://www.amazon.com/dp/B0FCCFR3FK?tag=eloabder-20&linkCode=osi&th=1&psc=1">View Product</a></div><div class="product"><a href="https://www.amazon.com/dp/B084P36HWT?tag=eloabder-20&linkCode=osi&th=1&psc=1"><img src="https://m.media-amazon.com/images/I/31IpG2p7-UL._SL500_.jpg" alt="Product Image"></a><p>RHOX SEAT-2000 Seat Belt 60" Length, 2" Width Golf carts</p><p> -11% 0FF </p><p>$31.24</p><a href="https://www.amazon.com/dp/B084P36HWT?tag=eloabder-20&linkCode=osi&th=1&psc=1">View Product</a></div><div class="product"><a href="https://www.amazon.com/dp/B09G6MQ4B3?tag=eloabder-20&linkCode=osi&th=1&psc=1"><img src="https://m.media-amazon.com/images/I/418T0z-MqtL._SL500_.jpg" alt="Product Image"></a><p>iLSKW Retractable 61" DOT Seat Belts Universal Seat Belts for Golf Cart EZGO TXT RXV, Yamaha, Club Car (1 Set Only)</p><p> -27% 0FF </p><p>$21.99</p><a href="https://www.amazon.com/dp/B09G6MQ4B3?tag=eloabder-20&linkCode=osi&th=1&psc=1">View Product</a></div>
<div class="product"><a href="https://www.amazon.com/dp/B07TKB5SWG?tag=eloabder-20&linkCode=osi&th=1&psc=1"><img src="https://m.media-amazon.com/images/I/31ZJD0uNA-L._SL500_.jpg" alt="Product Image"></a><p>SMART ELF Car Seat Protector, 2Pack Seat Protector Protect Child Seats with Thickest Padding and Non-Slip Backing Mesh Pockets for Baby and Pet,Sedan SUV Truck (Black)</p><p> -14% 0FF </p><p>$29.97</p><a href="https://www.amazon.com/dp/B07TKB5SWG?tag=eloabder-20&linkCode=osi&th=1&psc=1">View Product</a></div><div class="product"><a href="https://www.amazon.com/dp/B07JBQBVL6?tag=eloabder-20&linkCode=osi&th=1&psc=1"><img src="https://m.media-amazon.com/images/I/31PZj+OEfjL._SL500_.jpg" alt="Product Image"></a><p>Car Seat Protector for Baby Child Car Seats, Shynerk Auto Seat Cover Mat for Under Carseat to Protect Automotive Vehicle Leather and Cloth Upholstery - Waterproof and Dirt Resistant</p><p> -33% 0FF </p><p>$19.98</p><a href="https://www.amazon.com/dp/B07JBQBVL6?tag=eloabder-20&linkCode=osi&th=1&psc=1">View Product</a></div><div class="product"><a href="https://www.amazon.com/dp/B08JB3ZVB6?tag=eloabder-20&linkCode=osi&th=1&psc=1"><img src="https://m.media-amazon.com/images/I/41qltgLOhDL._SL500_.jpg" alt="Product Image"></a><p>Meolsaek Car Seat Protector, Non-Slip Backing Will Not Leave Imprint, Waterproof Thicker Car Seat Cover for SUV, Sedan, Truck, Leather Seat Protector (Gray Black)</p><p> -34% 0FF </p><p>$20.99 ($10.50 / Count)</p><a href="https://www.amazon.com/dp/B08JB3ZVB6?tag=eloabder-20&linkCode=osi&th=1&psc=1">View Product</a></div><div class="product"><a href="https://www.amazon.com/dp/B0897YND6W?tag=eloabder-20&linkCode=osi&th=1&psc=1"><img src="https://m.media-amazon.com/images/I/51FxXsg55IL._SL500_.jpg" alt="Product Image"></a><p>Helteko Carseat Protector with Thickest Padding, 2 Pack Auto Seat Pad from Waterproof & Stain Resistant for Child Baby , Kick Mat Material for Leather and Fabric Seat</p><p> -19% 0FF </p><p>$28.99</p><a href="https://www.amazon.com/dp/B0897YND6W?tag=eloabder-20&linkCode=osi&th=1&psc=1">View Product</a></div><div class="product"><a href="https://www.amazon.com/dp/B00B7M7CLA?tag=eloabder-20&linkCode=osi&th=1&psc=1"><img src="https://m.media-amazon.com/images/I/31Fd5Ue510L._SL500_.jpg" alt="Product Image"></a><p>Munchkin® Back Seat Cover for Kids, Deluxe Kick Mats™ Car Seat Protector, Black, 2 Pack</p><p> -20% 0FF </p><p>$15.19</p><a href="https://www.amazon.com/dp/B00B7M7CLA?tag=eloabder-20&linkCode=osi&th=1&psc=1">View Product</a></div><div class="product"><a href="https://www.amazon.com/dp/B0BX36GGDS?tag=eloabder-20&linkCode=osi&th=1&psc=1"><img src="https://m.media-amazon.com/images/I/51oHk8LVt7L._SL500_.jpg" alt="Product Image"></a><p>Skechers Memory Foam Leather Car Seat Covers, Air Cool Mesh Thick Seat Covers, Slip-ins Front seat Cover, Airbag Compatible, Automotive Comfort for Most Cars, Vans, Trucks, SUV,Black</p><p> -29% 0FF </p><p>$40.01</p><a href="https://www.amazon.com/dp/B0BX36GGDS?tag=eloabder-20&linkCode=osi&th=1&psc=1">View Product</a></div>

<div class="product"><a href="https://www.amazon.com/dp/B004HCS4NW?tag=eloabder-20&linkCode=osi&th=1&psc=1"><img src="https://m.media-amazon.com/images/I/41j5b6xRqNL._SL500_.jpg" alt="Product Image"></a><p>Meguiar's G2016 Convertible Top Cleaner, 16 Fluid Ounces, Units per Each</p><p> -31% 0FF </p><p>$8.28 ($0.52 / Fl Oz)</p><a href="https://www.amazon.com/dp/B004HCS4NW?tag=eloabder-20&linkCode=osi&th=1&psc=1">View Product</a></div><div class="product"><a href="https://www.amazon.com/dp/B0BS42VY2N?tag=eloabder-20&linkCode=osi&th=1&psc=1"><img src="https://m.media-amazon.com/images/I/4179SVWrunL._SL500_.jpg" alt="Product Image"></a><p>A-Premium Black Convertible Soft Top Compatible with Ford Mustang 2005-2014, Convertible, with Glass Window</p><p> -12% 0FF </p><p>$309.99</p><a href="https://www.amazon.com/dp/B0BS42VY2N?tag=eloabder-20&linkCode=osi&th=1&psc=1">View Product</a></div>
<div class="product"><a href="https://www.amazon.com/dp/B00029CYRG?tag=eloabder-20&linkCode=osi&th=1&psc=1"><img src="https://m.media-amazon.com/images/I/41Hnigm4E8L._SL500_.jpg" alt="Product Image"></a><p>Meguiar's M6732 Marine/RV One Step Compound, Remove Oxidation, Stains, Scratches, and Water Spots, Restore The Color and Shine of Fiberglass Gel Coat Finishes, 32 Oz Bottle</p><p> -10% 0FF </p><p>$19.62 ($0.61 / Fl Oz)</p><a href="https://www.amazon.com/dp/B00029CYRG?tag=eloabder-20&linkCode=osi&th=1&psc=1">View Product</a></div><div class="product"><a href="https://www.amazon.com/dp/B0007TR47G?tag=eloabder-20&linkCode=osi&th=1&psc=1"><img src="https://m.media-amazon.com/images/I/41TJAH5y4lL._SL500_.jpg" alt="Product Image"></a><p>Meguiar's M6332 Flagship Premium Marine Wax, Easy to Use Boat Polish and Wax, Remove Scratches, Swirls, and Oxidation While Leaving Lasting Protection, 32 Oz Bottle</p><p> -30% 0FF </p><p>$24.96</p><a href="https://www.amazon.com/dp/B0007TR47G?tag=eloabder-20&linkCode=osi&th=1&psc=1">View Product</a></div><div class="product"><a href="https://www.amazon.com/dp/B001GXDWGO?tag=eloabder-20&linkCode=osi&th=1&psc=1"><img src="https://m.media-amazon.com/images/I/41Gisw5b70L._SL500_.jpg" alt="Product Image"></a><p>Hardline Products Series 350 Factory Matched 3-Inch Boat & PWC Registration Number Kit, Solid Black - BLK350EC</p><p> -6% 0FF </p><p>$12.10</p><a href="https://www.amazon.com/dp/B001GXDWGO?tag=eloabder-20&linkCode=osi&th=1&psc=1">View Product</a></div><div class="product"><a href="https://www.amazon.com/dp/B0000AY4YT?tag=eloabder-20&linkCode=osi&th=1&psc=1"><img src="https://m.media-amazon.com/images/I/51Dl0tlwnQL._SL500_.jpg" alt="Product Image"></a><p>Meguiar's M4965 Marine/RV Fiberglass Restoration System, 3-Piece Marine Fiberglass Repair Kit Featuring Oxidation Remover for Boat Care Plus Boat Polish and Wax</p><p> -35% 0FF </p><p>$34.63</p><a href="https://www.amazon.com/dp/B0000AY4YT?tag=eloabder-20&linkCode=osi&th=1&psc=1">View Product</a></div>

<div class="product"><a href="https://www.amazon.com/dp/B000MT94QA?tag=eloabder-20&linkCode=osi&th=1&psc=1"><img src="https://m.media-amazon.com/images/I/41j+V11HWVL._SL500_.jpg" alt="Product Image"></a><p>Scepter Duramax Flo ’N Go 14 Gallon (53 Liter) Fueling Station, Portable Gas Caddy and Fuel Transfer Pump with 10-Foot Hose for Lawn Mower, Farm, Marine, Commercial, and Home Use, Gasoline Only, Red</p><p> -8% 0FF </p><p>$141.99</p><a href="https://www.amazon.com/dp/B000MT94QA?tag=eloabder-20&linkCode=osi&th=1&psc=1">View Product</a></div><div class="product"><a href="https://www.amazon.com/dp/B001HVJKSY?tag=eloabder-20&linkCode=osi&th=1&psc=1"><img src="https://m.media-amazon.com/images/I/41yrThZv51L._SL500_.jpg" alt="Product Image"></a><p>RDS MFG INC 72771 Fuel Tank</p><p> -9% 0FF </p><p>$758.78</p><a href="https://www.amazon.com/dp/B001HVJKSY?tag=eloabder-20&linkCode=osi&th=1&psc=1">View Product</a></div>



<div class="product"><a href="https://www.amazon.com/dp/B098WVKF19?tag=eloabder-20&linkCode=osi&th=1&psc=1"><img src="https://m.media-amazon.com/images/I/41IK3vBCYyL._SL500_.jpg" alt="Product Image"></a><p>REDTIGER Dash Cam Front Rear, 4K/2.5K Full HD Dash Camera for Cars, Included 32GB Card, Built-in Wi-Fi GPS, APP Control, 3.18" IPS Screen, Night Vision, Wide Angle, WDR, 24H Parking Mode(F7NP)</p><p> -55% 0FF </p><p>$89.99</p><a href="https://www.amazon.com/dp/B098WVKF19?tag=eloabder-20&linkCode=osi&th=1&psc=1">View Product</a></div><div class="product"><a href="https://www.amazon.com/dp/B0D6J5B98H?tag=eloabder-20&linkCode=osi&th=1&psc=1"><img src="https://m.media-amazon.com/images/I/51SmyQooLuL._SL500_.jpg" alt="Product Image"></a><p>ROVE R2-4K DUAL Dash Cam Front and Rear, STARVIS 2 Sensor, FREE 128GB Card Included, 5G WiFi - up to 20MB/s Fastest Download Speed with App, 4K 2160P/FHD Dash Camera for Cars, 3" IPS, 24H Parking Mode</p><p> -35% 0FF </p><p>$129.99</p><a href="https://www.amazon.com/dp/B0D6J5B98H?tag=eloabder-20&linkCode=osi&th=1&psc=1">View Product</a></div><div class="product"><a href="https://www.amazon.com/dp/B0CKXMKRCS?tag=eloabder-20&linkCode=osi&th=1&psc=1"><img src="https://m.media-amazon.com/images/I/51V46zR7lIL._SL500_.jpg" alt="Product Image"></a><p>Dash Cam WiFi 2K, Car Camera with APP, Front Dash Camera for Cars, Mini Dashcams with WDR Night Vision, 24 Hours Parking Monitor, Loop Recording, G-Sensor</p><p> -33% 0FF </p><p>$39.98</p><a href="https://www.amazon.com/dp/B0CKXMKRCS?tag=eloabder-20&linkCode=osi&th=1&psc=1">View Product</a></div><div class="product"><a href="https://www.amazon.com/dp/B0C2Y6WXJ7?tag=eloabder-20&linkCode=osi&th=1&psc=1"><img src="https://m.media-amazon.com/images/I/51osSkFBZDL._SL500_.jpg" alt="Product Image"></a><p>Dash Cam Front and Rear, 1080P Dash Camera for Cars, 3 Channel Car Camera Front Rear and Inside with 32GB Card, Loop Recording, Night Vision, HDR, G-Sensor, 24Hr Parking</p><p> -14% 0FF </p><p>$59.99</p><a href="https://www.amazon.com/dp/B0C2Y6WXJ7?tag=eloabder-20&linkCode=osi&th=1&psc=1">View Product</a></div><div class="product"><a href="https://www.amazon.com/dp/B0C6YBHKJ5?tag=eloabder-20&linkCode=osi&th=1&psc=1"><img src="https://m.media-amazon.com/images/I/51ktc2240CL._SL500_.jpg" alt="Product Image"></a><p>REDTIGER 4K Dash Cam Front and Rear, STARVIS 2 Sensor, Touch Screen 3.18", 128GB Card Included, Voice Control, 5.8GHz WiFi Car Dash Camera, GPS, Night Vision, Emergency Lock, Parking Mode (F7N Touch)</p><p> -25% 0FF </p><p>$149.99</p><a href="https://www.amazon.com/dp/B0C6YBHKJ5?tag=eloabder-20&linkCode=osi&th=1&psc=1">View Product</a></div><div class="product"><a href="https://www.amazon.com/dp/B0BKF6XQVY?tag=eloabder-20&linkCode=osi&th=1&psc=1"><img src="https://m.media-amazon.com/images/I/41kQ6r03ocL._SL500_.jpg" alt="Product Image"></a><p>ARIFAYZ Dash Cam Front and Rear 4K+1080P, Free 64GB Card, Built-in WiFi, Dash Camera for Cars, Car Camera, Dual Dashcams for Cars with Night Vision, 24 Hours Parking Monitor, Loop Recording</p><p> -10% 0FF </p><p>$89.99</p><a href="https://www.amazon.com/dp/B0BKF6XQVY?tag=eloabder-20&linkCode=osi&th=1&psc=1">View Product</a></div>
<div class="product"><a href="https://www.amazon.com/dp/B07LF7YBNF?tag=eloabder-20&linkCode=osi&th=1&psc=1"><img src="https://m.media-amazon.com/images/I/514tDraUiKL._SL500_.jpg" alt="Product Image"></a><p>BANVIE Car Alarm System, Security Antitheft Alarm Systems with Keyless Entry, with Microwave Sensor & Shock Sensor</p><p> -11% 0FF </p><p>$32.99</p><a href="https://www.amazon.com/dp/B07LF7YBNF?tag=eloabder-20&linkCode=osi&th=1&psc=1">View Product</a></div>
<div class="product"><a href="https://www.amazon.com/dp/B07FT6R38V?tag=eloabder-20&linkCode=osi&th=1&psc=1"><img src="https://m.media-amazon.com/images/I/51PS4hJmevL._SL500_.jpg" alt="Product Image"></a><p>LIANXIN Roadside Assistance Emergency Kit - Car Emergency Kit with Jumper Cables (Upgraded) Emergency Roadside Kit for Car 142 Pieces Car Safety Kits,Tow Strap,Tool Kit,Reflective Warning Triangle</p><p> -5% 0FF </p><p>$39.99</p><a href="https://www.amazon.com/dp/B07FT6R38V?tag=eloabder-20&linkCode=osi&th=1&psc=1">View Product</a></div><div class="product"><a href="https://www.amazon.com/dp/B07BR7Q4RG?tag=eloabder-20&linkCode=osi&th=1&psc=1"><img src="https://m.media-amazon.com/images/I/51wT7DxPZ-L._SL500_.jpg" alt="Product Image"></a><p>STDY Car Roadside Emergency Kit, Vehicle Truck Safety Road Side Assistance Kits Auto Accessory, with Jumper Cables, First Aid Kit, Tow Rope, Reflective Triangle, Tire Pressure Gauge, etc</p><p> -36% 0FF </p><p>$34.99</p><a href="https://www.amazon.com/dp/B07BR7Q4RG?tag=eloabder-20&linkCode=osi&th=1&psc=1">View Product</a></div><div class="product"><a href="https://www.amazon.com/dp/B08RS888RH?tag=eloabder-20&linkCode=osi&th=1&psc=1"><img src="https://m.media-amazon.com/images/I/511WieELkPL._SL500_.jpg" alt="Product Image"></a><p>Vetoos Car Roadside Emergency Kit with Jumper Cables, Auto Vehicle Safety Road Side Assistance Kits, Winter Car Kit Essentials for Women and Men, with Car Repair Tool Set, Folding Survival Shovel</p><p> -33% 0FF </p><p>$39.99</p><a href="https://www.amazon.com/dp/B08RS888RH?tag=eloabder-20&linkCode=osi&th=1&psc=1">View Product</a></div><div class="product"><a href="https://www.amazon.com/dp/B086ZZ145D?tag=eloabder-20&linkCode=osi&th=1&psc=1"><img src="https://m.media-amazon.com/images/I/517daXfVHHL._SL500_.jpg" alt="Product Image"></a><p>Vetoos Roadside Emergency Car Kit with Jumper Cables, Auto Vehicle Safety Road Side Assistance Kit Essentials, Winter Car Kit for Women and Men, with Mini Car Tool Set, Dial Tire Pressure Gauge</p><p> -30% 0FF </p><p>$34.99</p><a href="https://www.amazon.com/dp/B086ZZ145D?tag=eloabder-20&linkCode=osi&th=1&psc=1">View Product</a></div><div class="product"><a href="https://www.amazon.com/dp/B09QXJF7C5?tag=eloabder-20&linkCode=osi&th=1&psc=1"><img src="https://m.media-amazon.com/images/I/51Mvi43rtIL._SL500_.jpg" alt="Product Image"></a><p>WETBAS Car Roadside Emergency Kit, Auto Vehicle Safety Emergency Road Side Assistance Kits Essentials, Solenoid Starter Repair Kit with Jumper Cables, Safety Hammer, Reflective Warning Triangle</p><p> -36% 0FF </p><p>$34.98</p><a href="https://www.amazon.com/dp/B09QXJF7C5?tag=eloabder-20&linkCode=osi&th=1&psc=1">View Product</a></div>

<div class="product"><a href="https://www.amazon.com/dp/B0DH1TN5BW?tag=eloabder-20&linkCode=osi&th=1&psc=1"><img src="https://m.media-amazon.com/images/I/411obZQLkyL._SL500_.jpg" alt="Product Image"></a><p>Miroddi Keychain with Smart Tracker, Men's Keychain Works with Find My App, Heavy Duty Car Key Chains with Bottle Opener Fob Carabiner, Key Finder GPS Tracker, Rechargeable, Gunmetal</p><p> -10% 0FF </p><p>$29.69</p><a href="https://www.amazon.com/dp/B0DH1TN5BW?tag=eloabder-20&linkCode=osi&th=1&psc=1">View Product</a></div><div class="product"><a href="https://www.amazon.com/dp/B09XM96H87?tag=eloabder-20&linkCode=osi&th=1&psc=1"><img src="https://m.media-amazon.com/images/I/41Fo2NZJx5L._SL500_.jpg" alt="Product Image"></a><p>SinoTrack Digital GPS Speedometer Universal Heads Up Display for Car 5.5 inch Large LCD Display HUD with MPH Speed Fatigued Driving Alert Overspeed Alarm Trip Meter for All Vehicle</p><p> -9% 0FF </p><p>$29.98</p><a href="https://www.amazon.com/dp/B09XM96H87?tag=eloabder-20&linkCode=osi&th=1&psc=1">View Product</a></div><div class="product"><a href="https://www.amazon.com/dp/B0DLBDTFL7?tag=eloabder-20&linkCode=osi&th=1&psc=1"><img src="https://m.media-amazon.com/images/I/41NGzpkL0sL._SL500_.jpg" alt="Product Image"></a><p>GPS Navigator for Car Truck RV, Latest 2025 Map, 7 inch Touch Screen Real Voice Spoken Turn-by-Turn Direction Reminding Navigation System for Cars, Vehicle GPS with Speed and Red Light Warning (Blue)</p><p> -19% 0FF </p><p>$56.99</p><a href="https://www.amazon.com/dp/B0DLBDTFL7?tag=eloabder-20&linkCode=osi&th=1&psc=1">View Product</a></div><div class="product"><a href="https://www.amazon.com/dp/B0B5M53F92?tag=eloabder-20&linkCode=osi&th=1&psc=1"><img src="https://m.media-amazon.com/images/I/41jXjmrwkOL._SL500_.jpg" alt="Product Image"></a><p>Premium GPS Tracking Sticker for car, Bike, Motorcycle Anti-Theft Stickers This Vehicle Protected by Warning Tracker Sticker Decal Self Adhesive Sign 4" x 2" Vinyl — UV Resistent (Pack of 2)</p><p> -15% 0FF </p><p>$4.99 ($2.50 / Count)</p><a href="https://www.amazon.com/dp/B0B5M53F92?tag=eloabder-20&linkCode=osi&th=1&psc=1">View Product</a></div>
<div class="product"><a href="https://www.amazon.com/dp/B083GHXFTJ?tag=eloabder-20&linkCode=osi&th=1&psc=1"><img src="https://m.media-amazon.com/images/I/51YLCVtIhJL._SL500_.jpg" alt="Product Image"></a><p>Winzwon Interior Led Lights for Car Accessories for Women Men, Birthday Gifts for Men Him, APP Control with USB Port Music Sync Color Change Lights for Jeep Truck Decor, 12V</p><p> -23% 0FF </p><p>$9.99 ($2.50 / Count)</p><a href="https://www.amazon.com/dp/B083GHXFTJ?tag=eloabder-20&linkCode=osi&th=1&psc=1">View Product</a></div><div class="product"><a href="https://www.amazon.com/dp/B08F9PF2Y5?tag=eloabder-20&linkCode=osi&th=1&psc=1"><img src="https://m.media-amazon.com/images/I/51erdB7xL4L._SL500_.jpg" alt="Product Image"></a><p>Interior Car LED Strip Lights APP Control, 5 in 1 RGB 16 Million Colors Ambient Lighting Kit with 236 inches Fiber Optic, Music Mode Inside Car Lighting Decorations</p><p> -5% 0FF </p><p>$20.88</p><a href="https://www.amazon.com/dp/B08F9PF2Y5?tag=eloabder-20&linkCode=osi&th=1&psc=1">View Product</a></div><div class="product"><a href="https://www.amazon.com/dp/B097CB5WXB?tag=eloabder-20&linkCode=osi&th=1&psc=1"><img src="https://m.media-amazon.com/images/I/51T-wkU4nKL._SL500_.jpg" alt="Product Image"></a><p>Interior Car Lights Keepsmile Car Accessories APP Control with Remote Music Sync Color Change RGB Under Dash Lighting with Charger 12V LED Lights Running Board Lights</p><p> -20% 0FF </p><p>$15.99</p><a href="https://www.amazon.com/dp/B097CB5WXB?tag=eloabder-20&linkCode=osi&th=1&psc=1">View Product</a></div>
<div class="product"><a href="https://www.amazon.com/dp/B0CDBQT23P?tag=eloabder-20&linkCode=osi&th=1&psc=1"><img src="https://m.media-amazon.com/images/I/41+xWbXza3L._SL500_.jpg" alt="Product Image"></a><p>AUXITO 9005/HB3 H11/H8/H9 LED Bulbs Combo, 50000LM Bright 6500K Cool White, 120W Fanless Light Bulbs, Pack of 4</p><p> -22% 0FF </p><p>$69.98</p><a href="https://www.amazon.com/dp/B0CDBQT23P?tag=eloabder-20&linkCode=osi&th=1&psc=1">View Product</a></div><div class="product"><a href="https://www.amazon.com/dp/B0D1YGCQH1?tag=eloabder-20&linkCode=osi&th=1&psc=1"><img src="https://m.media-amazon.com/images/I/51Q44nlhKJL._SL500_.jpg" alt="Product Image"></a><p>Marsauto M1S 9005/HB3 H11/H8/H9 Light Bulbs Combo, 800% Super Brighter H11 9005 Bulbs or Fog, 6000K HB3 H9 Cool White, 3 Min Plug and Play Lights Combo, IP68, Pack of 4</p><p> -35% 0FF </p><p>$45.59 ($11.40 / Count)</p><a href="https://www.amazon.com/dp/B0D1YGCQH1?tag=eloabder-20&linkCode=osi&th=1&psc=1">View Product</a></div><div class="product"><a href="https://www.amazon.com/dp/B0F4CZ32P6?tag=eloabder-20&linkCode=osi&th=1&psc=1"><img src="https://m.media-amazon.com/images/I/41-t621Z4+L._SL500_.jpg" alt="Product Image"></a><p>AUTOONE Upgraded H7/H7LL LED Light Bulb, Super Bright Real 1:1 Halogen Mini Size, 10-Year Extended Lifespan, 6500K White Illumination for Automotive Fog Lights, Plug and Play, Pack of 2</p><p> -8% 0FF </p><p>$36.99 ($18.50 / Count)</p><a href="https://www.amazon.com/dp/B0F4CZ32P6?tag=eloabder-20&linkCode=osi&th=1&psc=1">View Product</a></div>
<div class="product"><a href="https://www.amazon.com/dp/B08BHN2NN1?tag=eloabder-20&linkCode=osi&th=1&psc=1"><img src="https://m.media-amazon.com/images/I/41ddySbPN-L._SL500_.jpg" alt="Product Image"></a><p>EMITHSUN OEM QUALITY 26" + 16" Premium All-Seasons Stable And Quiet Windshield Wiper Blades(Set of 2)</p><p> -15% 0FF </p><p>$16.99</p><a href="https://www.amazon.com/dp/B08BHN2NN1?tag=eloabder-20&linkCode=osi&th=1&psc=1">View Product</a></div><div class="product"><a href="https://www.amazon.com/dp/B08MF13665?tag=eloabder-20&linkCode=osi&th=1&psc=1"><img src="https://m.media-amazon.com/images/I/51I-r5q796L._SL500_.jpg" alt="Product Image"></a><p>AUTOBOO 26" and 18" Windshield Wipers Blades (Pack Of 2),OEM Quality Premium All-Seasons Wiper blades,Stable and Quiet Armor wiper blades</p><p> -20% 0FF </p><p>$15.98</p><a href="https://www.amazon.com/dp/B08MF13665?tag=eloabder-20&linkCode=osi&th=1&psc=1">View Product</a></div><div class="product"><a href="https://www.amazon.com/dp/B088RJ168L?tag=eloabder-20&linkCode=osi&th=1&psc=1"><img src="https://m.media-amazon.com/images/I/410IqJ2r+hL._SL500_.jpg" alt="Product Image"></a><p>OEM QUALITY 26" + 19" PARRATI Premium All-Season Windshield Wiper Blades (Set of 2)</p><p> -13% 0FF </p><p>$17.39</p><a href="https://www.amazon.com/dp/B088RJ168L?tag=eloabder-20&linkCode=osi&th=1&psc=1">View Product</a></div><div class="product"><a href="https://www.amazon.com/dp/B0BHTHFTJH?tag=eloabder-20&linkCode=osi&th=1&psc=1"><img src="https://m.media-amazon.com/images/I/41CZndsAdkL._SL500_.jpg" alt="Product Image"></a><p>Wenyant 28"+28" Compatible with Ford Edge 2020-2015 Escape 2019-2013 Focus 2018-2012 Fusion 2019-2013 Front Windshield Wiper Blades for My Car Original Equipment Automotive Replacement (Set of 2)</p><p> -10% 0FF </p><p>$17.99</p><a href="https://www.amazon.com/dp/B0BHTHFTJH?tag=eloabder-20&linkCode=osi&th=1&psc=1">View Product</a></div>
<div class="product"><a href="https://www.amazon.com/dp/B098SCL6WY?tag=eloabder-20&linkCode=osi&th=1&psc=1"><img src="https://m.media-amazon.com/images/I/413q5T98ohL._SL500_.jpg" alt="Product Image"></a><p>Car Rooftop Cargo Carrier - 21 Cubic Feet, 100% Waterproof Heavy Duty 840D Car Roof Bag for All Vehicles with/Without Racks - Anti-Slip Mat, 6 Door Hooks, Storage Bag, 2 Extra Straps</p><p> -23% 0FF </p><p>$99.99</p><a href="https://www.amazon.com/dp/B098SCL6WY?tag=eloabder-20&linkCode=osi&th=1&psc=1">View Product</a></div><div class="product"><a href="https://www.amazon.com/dp/B083T53K3P?tag=eloabder-20&linkCode=osi&th=1&psc=1"><img src="https://m.media-amazon.com/images/I/31a-GM0ujxL._SL500_.jpg" alt="Product Image"></a><p>Amazon Basics Cross Rail Roof Rack, 52 inches, Fits up to 46" Spans between Raised Side Rails with Gap, Pack of 2, Black/Silver</p><p> -8% 0FF </p><p>$53.99</p><a href="https://www.amazon.com/dp/B083T53K3P?tag=eloabder-20&linkCode=osi&th=1&psc=1">View Product</a></div><div class="product"><a href="https://www.amazon.com/dp/B0DHVGLZHS?tag=eloabder-20&linkCode=osi&th=1&psc=1"><img src="https://m.media-amazon.com/images/I/31S6dp9t7gL._SL500_.jpg" alt="Product Image"></a><p>VEVOR Universal Roof Rack Cross Bars, 41.3" Aluminum Roof Rack with 155 lbs Load Capacity, Adjustable Roof Crossbars with Locks, fit Cars Without Side Rail, for SUVs, Sedans, and Vans</p><p> -13% 0FF </p><p>$53.99</p><a href="https://www.amazon.com/dp/B0DHVGLZHS?tag=eloabder-20&linkCode=osi&th=1&psc=1">View Product</a></div>
<div class="product"><a href="https://www.amazon.com/dp/B000AAYBSW?tag=eloabder-20&linkCode=osi&th=1&psc=1"><img src="https://m.media-amazon.com/images/I/41YERSWqFDL._SL500_.jpg" alt="Product Image"></a><p>BELL Double Back Two-Bike Trunk Rack</p><p> -41% 0FF </p><p>$47.99</p><a href="https://www.amazon.com/dp/B000AAYBSW?tag=eloabder-20&linkCode=osi&th=1&psc=1">View Product</a></div>
<div class="product"><a href="https://www.amazon.com/dp/B0CZP1HLSW?tag=eloabder-20&linkCode=osi&th=1&psc=1"><img src="https://m.media-amazon.com/images/I/31MJck4XJeL._SL500_.jpg" alt="Product Image"></a><p>Asinking Car Rooftop Cargo Carrier Bag - 100% Waterproof Heavy Duty Car Roof Luggage Carrier 21 Cubic Feet, Fits All Vehicles with/Without Roof Rack - Easy Install & Triply Reinforced for Secure Use</p><p> -57% 0FF </p><p>$59.97</p><a href="https://www.amazon.com/dp/B0CZP1HLSW?tag=eloabder-20&linkCode=osi&th=1&psc=1">View Product</a></div><div class="product"><a href="https://www.amazon.com/dp/B07P72DV84?tag=eloabder-20&linkCode=osi&th=1&psc=1"><img src="https://m.media-amazon.com/images/I/51kqBbI1pAL._SL500_.jpg" alt="Product Image"></a><p>OKLEAD 500 Lbs Heavy Duty Hitch Mount Cargo Carrier 60" x 24" x 14.4" Folding Cargo Rack Rear Luggage Basket Fits 2" Receiver for Car SUV Camping Traveling</p><p> -12% 0FF </p><p>$229.99</p><a href="https://www.amazon.com/dp/B07P72DV84?tag=eloabder-20&linkCode=osi&th=1&psc=1">View Product</a></div>
<div class="product"><a href="https://www.amazon.com/dp/B08LPJB9KK?tag=eloabder-20&linkCode=osi&th=1&psc=1"><img src="https://m.media-amazon.com/images/I/51UPOojNtBL._SL500_.jpg" alt="Product Image"></a><p>PETICON SUV Cargo Liner for Dogs, Waterproof Pet Cargo Cover Dog Seat Mat for SUVs Sedans Vans with Bumper Flap Protector, Non-Slip, Large Size Universal Fit, Black</p><p> -10% 0FF </p><p>$44.99</p><a href="https://www.amazon.com/dp/B08LPJB9KK?tag=eloabder-20&linkCode=osi&th=1&psc=1">View Product</a></div><div class="product"><a href="https://www.amazon.com/dp/B071JY9G2P?tag=eloabder-20&linkCode=osi&th=1&psc=1"><img src="https://m.media-amazon.com/images/I/51edZTY6iEL._SL500_.jpg" alt="Product Image"></a><p>HelloTree SUV Cargo Liner for Dogs Waterproof Pet Cargo Cover Dog Seat Mat for SUVs Oxford Car SUV Seat Cover Trunk Protector for Vehicles Washable Dog Accessories</p><p> -15% 0FF </p><p>$19.54</p><a href="https://www.amazon.com/dp/B071JY9G2P?tag=eloabder-20&linkCode=osi&th=1&psc=1">View Product</a></div><div class="product"><a href="https://www.amazon.com/dp/B0DS5X7GYS?tag=eloabder-20&linkCode=osi&th=1&psc=1"><img src="https://m.media-amazon.com/images/I/41r6K3mRSiL._SL500_.jpg" alt="Product Image"></a><p>fidozen Universal Cargo Liner for SUV – Waterproof Dog Trunk Mat, Non-Slip Back Seat Protector, Car Bed Cover, Pet Barrier, Rear Liner Accessories for Trucks & Sedans, Universal Fit Trunk Cover</p><p> -13% 0FF </p><p>$19.99</p><a href="https://www.amazon.com/dp/B0DS5X7GYS?tag=eloabder-20&linkCode=osi&th=1&psc=1">View Product</a></div>
<div class="product"><a href="https://www.amazon.com/dp/B0FCCFR3FK?tag=eloabder-20&linkCode=osi&th=1&psc=1"><img src="https://m.media-amazon.com/images/I/51YvAjjXd1L._SL500_.jpg" alt="Product Image"></a><p>KoovDem 2-PCS Universal Metal Belt - Durable - Extenders Bag Quick Release Buckle for Replacement 14-Inch Belt Buckle</p><p> -18% 0FF </p><p>$22.99</p><a href="https://www.amazon.com/dp/B0FCCFR3FK?tag=eloabder-20&linkCode=osi&th=1&psc=1">View Product</a></div><div class="product"><a href="https://www.amazon.com/dp/B084P36HWT?tag=eloabder-20&linkCode=osi&th=1&psc=1"><img src="https://m.media-amazon.com/images/I/31IpG2p7-UL._SL500_.jpg" alt="Product Image"></a><p>RHOX SEAT-2000 Seat Belt 60" Length, 2" Width Golf carts</p><p> -11% 0FF </p><p>$31.24</p><a href="https://www.amazon.com/dp/B084P36HWT?tag=eloabder-20&linkCode=osi&th=1&psc=1">View Product</a></div><div class="product"><a href="https://www.amazon.com/dp/B09G6MQ4B3?tag=eloabder-20&linkCode=osi&th=1&psc=1"><img src="https://m.media-amazon.com/images/I/418T0z-MqtL._SL500_.jpg" alt="Product Image"></a><p>iLSKW Retractable 61" DOT Seat Belts Universal Seat Belts for Golf Cart EZGO TXT RXV, Yamaha, Club Car (1 Set Only)</p><p> -27% 0FF </p><p>$21.99</p><a href="https://www.amazon.com/dp/B09G6MQ4B3?tag=eloabder-20&linkCode=osi&th=1&psc=1">View Product</a></div>
<div class="product"><a href="https://www.amazon.com/dp/B07TKB5SWG?tag=eloabder-20&linkCode=osi&th=1&psc=1"><img src="https://m.media-amazon.com/images/I/31ZJD0uNA-L._SL500_.jpg" alt="Product Image"></a><p>SMART ELF Car Seat Protector, 2Pack Seat Protector Protect Child Seats with Thickest Padding and Non-Slip Backing Mesh Pockets for Baby and Pet,Sedan SUV Truck (Black)</p><p> -14% 0FF </p><p>$29.97</p><a href="https://www.amazon.com/dp/B07TKB5SWG?tag=eloabder-20&linkCode=osi&th=1&psc=1">View Product</a></div><div class="product"><a href="https://www.amazon.com/dp/B07JBQBVL6?tag=eloabder-20&linkCode=osi&th=1&psc=1"><img src="https://m.media-amazon.com/images/I/31PZj+OEfjL._SL500_.jpg" alt="Product Image"></a><p>Car Seat Protector for Baby Child Car Seats, Shynerk Auto Seat Cover Mat for Under Carseat to Protect Automotive Vehicle Leather and Cloth Upholstery - Waterproof and Dirt Resistant</p><p> -33% 0FF </p><p>$19.98</p><a href="https://www.amazon.com/dp/B07JBQBVL6?tag=eloabder-20&linkCode=osi&th=1&psc=1">View Product</a></div><div class="product"><a href="https://www.amazon.com/dp/B08JB3ZVB6?tag=eloabder-20&linkCode=osi&th=1&psc=1"><img src="https://m.media-amazon.com/images/I/41qltgLOhDL._SL500_.jpg" alt="Product Image"></a><p>Meolsaek Car Seat Protector, Non-Slip Backing Will Not Leave Imprint, Waterproof Thicker Car Seat Cover for SUV, Sedan, Truck, Leather Seat Protector (Gray Black)</p><p> -34% 0FF </p><p>$20.99 ($10.50 / Count)</p><a href="https://www.amazon.com/dp/B08JB3ZVB6?tag=eloabder-20&linkCode=osi&th=1&psc=1">View Product</a></div><div class="product"><a href="https://www.amazon.com/dp/B0897YND6W?tag=eloabder-20&linkCode=osi&th=1&psc=1"><img src="https://m.media-amazon.com/images/I/51FxXsg55IL._SL500_.jpg" alt="Product Image"></a><p>Helteko Carseat Protector with Thickest Padding, 2 Pack Auto Seat Pad from Waterproof & Stain Resistant for Child Baby , Kick Mat Material for Leather and Fabric Seat</p><p> -19% 0FF </p><p>$28.99</p><a href="https://www.amazon.com/dp/B0897YND6W?tag=eloabder-20&linkCode=osi&th=1&psc=1">View Product</a></div><div class="product"><a href="https://www.amazon.com/dp/B00B7M7CLA?tag=eloabder-20&linkCode=osi&th=1&psc=1"><img src="https://m.media-amazon.com/images/I/31Fd5Ue510L._SL500_.jpg" alt="Product Image"></a><p>Munchkin® Back Seat Cover for Kids, Deluxe Kick Mats™ Car Seat Protector, Black, 2 Pack</p><p> -20% 0FF </p><p>$15.19</p><a href="https://www.amazon.com/dp/B00B7M7CLA?tag=eloabder-20&linkCode=osi&th=1&psc=1">View Product</a></div><div class="product"><a href="https://www.amazon.com/dp/B0BX36GGDS?tag=eloabder-20&linkCode=osi&th=1&psc=1"><img src="https://m.media-amazon.com/images/I/51oHk8LVt7L._SL500_.jpg" alt="Product Image"></a><p>Skechers Memory Foam Leather Car Seat Covers, Air Cool Mesh Thick Seat Covers, Slip-ins Front seat Cover, Airbag Compatible, Automotive Comfort for Most Cars, Vans, Trucks, SUV,Black</p><p> -29% 0FF </p><p>$40.01</p><a href="https://www.amazon.com/dp/B0BX36GGDS?tag=eloabder-20&linkCode=osi&th=1&psc=1">View Product</a></div>
<div class="product"><a href="https://www.amazon.com/dp/B000VAKXVA?tag=eloabder-20&linkCode=osi&th=1&psc=1"><img src="https://m.media-amazon.com/images/I/511Rv7cB1qL._SL500_.jpg" alt="Product Image"></a><p>Security Chain Company SC1032 Radial Chain Cable Traction Tire Chain - Set of 2</p><p> -24% 0FF </p><p>$35.07</p><a href="https://www.amazon.com/dp/B000VAKXVA?tag=eloabder-20&linkCode=osi&th=1&psc=1">View Product</a></div><div class="product"><a href="https://www.amazon.com/dp/B000HZFDPU?tag=eloabder-20&linkCode=osi&th=1&psc=1"><img src="https://m.media-amazon.com/images/I/51Bo-7auJlL._SL500_.jpg" alt="Product Image"></a><p>SCC SZ143 Super Z6 Cable Tire Chain for Passenger Cars, Pickups, and SUVs - Set of 2</p><p> -16% 0FF </p><p>$75.51</p><a href="https://www.amazon.com/dp/B000HZFDPU?tag=eloabder-20&linkCode=osi&th=1&psc=1">View Product</a></div><div class="product"><a href="https://www.amazon.com/dp/B0CLH6H3C8?tag=eloabder-20&linkCode=osi&th=1&psc=1"><img src="https://m.media-amazon.com/images/I/51ufxX-WxIL._SL500_.jpg" alt="Product Image"></a><p>Snow Chains for Car 6 Pack, Emergency Anti Slip Chains for SUV/Trucks/ATV, Adjustable Universal Winter Security Chains for Ice Snow Mud Sand, Easy Installation, Tires Width 6.5-10.8"/165-275mm</p><p> -10% 0FF </p><p>$35.99</p><a href="https://www.amazon.com/dp/B0CLH6H3C8?tag=eloabder-20&linkCode=osi&th=1&psc=1">View Product</a></div><div class="product"><a href="https://www.amazon.com/dp/B0DKFZYNT4?tag=eloabder-20&linkCode=osi&th=1&psc=1"><img src="https://m.media-amazon.com/images/I/51Xg2NHnT2L._SL500_.jpg" alt="Product Image"></a><p>KYX Tire Chains for Car/SUV/Pickup Truks, Adjustable Universal Emergency Snow Chains for Tire, 8.7-11.1 inch, 8 Pcs,</p><p> -39% 0FF </p><p>$49.99</p><a href="https://www.amazon.com/dp/B0DKFZYNT4?tag=eloabder-20&linkCode=osi&th=1&psc=1">View Product</a></div>

<div class="product"><a href="https://www.amazon.com/dp/B004HCS4NW?tag=eloabder-20&linkCode=osi&th=1&psc=1"><img src="https://m.media-amazon.com/images/I/41j5b6xRqNL._SL500_.jpg" alt="Product Image"></a><p>Meguiar's G2016 Convertible Top Cleaner, 16 Fluid Ounces, Units per Each</p><p> -31% 0FF </p><p>$8.28 ($0.52 / Fl Oz)</p><a href="https://www.amazon.com/dp/B004HCS4NW?tag=eloabder-20&linkCode=osi&th=1&psc=1">View Product</a></div><div class="product"><a href="https://www.amazon.com/dp/B0BS42VY2N?tag=eloabder-20&linkCode=osi&th=1&psc=1"><img src="https://m.media-amazon.com/images/I/4179SVWrunL._SL500_.jpg" alt="Product Image"></a><p>A-Premium Black Convertible Soft Top Compatible with Ford Mustang 2005-2014, Convertible, with Glass Window</p><p> -12% 0FF </p><p>$309.99</p><a href="https://www.amazon.com/dp/B0BS42VY2N?tag=eloabder-20&linkCode=osi&th=1&psc=1">View Product</a></div>
<div class="product"><a href="https://www.amazon.com/dp/B00029CYRG?tag=eloabder-20&linkCode=osi&th=1&psc=1"><img src="https://m.media-amazon.com/images/I/41Hnigm4E8L._SL500_.jpg" alt="Product Image"></a><p>Meguiar's M6732 Marine/RV One Step Compound, Remove Oxidation, Stains, Scratches, and Water Spots, Restore The Color and Shine of Fiberglass Gel Coat Finishes, 32 Oz Bottle</p><p> -10% 0FF </p><p>$19.62 ($0.61 / Fl Oz)</p><a href="https://www.amazon.com/dp/B00029CYRG?tag=eloabder-20&linkCode=osi&th=1&psc=1">View Product</a></div><div class="product"><a href="https://www.amazon.com/dp/B0007TR47G?tag=eloabder-20&linkCode=osi&th=1&psc=1"><img src="https://m.media-amazon.com/images/I/41TJAH5y4lL._SL500_.jpg" alt="Product Image"></a><p>Meguiar's M6332 Flagship Premium Marine Wax, Easy to Use Boat Polish and Wax, Remove Scratches, Swirls, and Oxidation While Leaving Lasting Protection, 32 Oz Bottle</p><p> -30% 0FF </p><p>$24.96</p><a href="https://www.amazon.com/dp/B0007TR47G?tag=eloabder-20&linkCode=osi&th=1&psc=1">View Product</a></div><div class="product"><a href="https://www.amazon.com/dp/B001GXDWGO?tag=eloabder-20&linkCode=osi&th=1&psc=1"><img src="https://m.media-amazon.com/images/I/41Gisw5b70L._SL500_.jpg" alt="Product Image"></a><p>Hardline Products Series 350 Factory Matched 3-Inch Boat & PWC Registration Number Kit, Solid Black - BLK350EC</p><p> -6% 0FF </p><p>$12.10</p><a href="https://www.amazon.com/dp/B001GXDWGO?tag=eloabder-20&linkCode=osi&th=1&psc=1">View Product</a></div><div class="product"><a href="https://www.amazon.com/dp/B0000AY4YT?tag=eloabder-20&linkCode=osi&th=1&psc=1"><img src="https://m.media-amazon.com/images/I/51Dl0tlwnQL._SL500_.jpg" alt="Product Image"></a><p>Meguiar's M4965 Marine/RV Fiberglass Restoration System, 3-Piece Marine Fiberglass Repair Kit Featuring Oxidation Remover for Boat Care Plus Boat Polish and Wax</p><p> -35% 0FF </p><p>$34.63</p><a href="https://www.amazon.com/dp/B0000AY4YT?tag=eloabder-20&linkCode=osi&th=1&psc=1">View Product</a></div>

<div class="product"><a href="https://www.amazon.com/dp/B000MT94QA?tag=eloabder-20&linkCode=osi&th=1&psc=1"><img src="https://m.media-amazon.com/images/I/41j+V11HWVL._SL500_.jpg" alt="Product Image"></a><p>Scepter Duramax Flo ’N Go 14 Gallon (53 Liter) Fueling Station, Portable Gas Caddy and Fuel Transfer Pump with 10-Foot Hose for Lawn Mower, Farm, Marine, Commercial, and Home Use, Gasoline Only, Red</p><p> -8% 0FF </p><p>$141.99</p><a href="https://www.amazon.com/dp/B000MT94QA?tag=eloabder-20&linkCode=osi&th=1&psc=1">View Product</a></div><div class="product"><a href="https://www.amazon.com/dp/B001HVJKSY?tag=eloabder-20&linkCode=osi&th=1&psc=1"><img src="https://m.media-amazon.com/images/I/41yrThZv51L._SL500_.jpg" alt="Product Image"></a><p>RDS MFG INC 72771 Fuel Tank</p><p> -9% 0FF </p><p>$758.78</p><a href="https://www.amazon.com/dp/B001HVJKSY?tag=eloabder-20&linkCode=osi&th=1&psc=1">View Product</a></div>



<div class="product"><a href="https://www.amazon.com/dp/B098WVKF19?tag=eloabder-20&linkCode=osi&th=1&psc=1"><img src="https://m.media-amazon.com/images/I/41IK3vBCYyL._SL500_.jpg" alt="Product Image"></a><p>REDTIGER Dash Cam Front Rear, 4K/2.5K Full HD Dash Camera for Cars, Included 32GB Card, Built-in Wi-Fi GPS, APP Control, 3.18" IPS Screen, Night Vision, Wide Angle, WDR, 24H Parking Mode(F7NP)</p><p> -55% 0FF </p><p>$89.99</p><a href="https://www.amazon.com/dp/B098WVKF19?tag=eloabder-20&linkCode=osi&th=1&psc=1">View Product</a></div><div class="product"><a href="https://www.amazon.com/dp/B0D6J5B98H?tag=eloabder-20&linkCode=osi&th=1&psc=1"><img src="https://m.media-amazon.com/images/I/51SmyQooLuL._SL500_.jpg" alt="Product Image"></a><p>ROVE R2-4K DUAL Dash Cam Front and Rear, STARVIS 2 Sensor, FREE 128GB Card Included, 5G WiFi - up to 20MB/s Fastest Download Speed with App, 4K 2160P/FHD Dash Camera for Cars, 3" IPS, 24H Parking Mode</p><p> -35% 0FF </p><p>$129.99</p><a href="https://www.amazon.com/dp/B0D6J5B98H?tag=eloabder-20&linkCode=osi&th=1&psc=1">View Product</a></div><div class="product"><a href="https://www.amazon.com/dp/B0CKXMKRCS?tag=eloabder-20&linkCode=osi&th=1&psc=1"><img src="https://m.media-amazon.com/images/I/51V46zR7lIL._SL500_.jpg" alt="Product Image"></a><p>Dash Cam WiFi 2K, Car Camera with APP, Front Dash Camera for Cars, Mini Dashcams with WDR Night Vision, 24 Hours Parking Monitor, Loop Recording, G-Sensor</p><p> -33% 0FF </p><p>$39.98</p><a href="https://www.amazon.com/dp/B0CKXMKRCS?tag=eloabder-20&linkCode=osi&th=1&psc=1">View Product</a></div><div class="product"><a href="https://www.amazon.com/dp/B0C2Y6WXJ7?tag=eloabder-20&linkCode=osi&th=1&psc=1"><img src="https://m.media-amazon.com/images/I/51osSkFBZDL._SL500_.jpg" alt="Product Image"></a><p>Dash Cam Front and Rear, 1080P Dash Camera for Cars, 3 Channel Car Camera Front Rear and Inside with 32GB Card, Loop Recording, Night Vision, HDR, G-Sensor, 24Hr Parking</p><p> -14% 0FF </p><p>$59.99</p><a href="https://www.amazon.com/dp/B0C2Y6WXJ7?tag=eloabder-20&linkCode=osi&th=1&psc=1">View Product</a></div><div class="product"><a href="https://www.amazon.com/dp/B0C6YBHKJ5?tag=eloabder-20&linkCode=osi&th=1&psc=1"><img src="https://m.media-amazon.com/images/I/51ktc2240CL._SL500_.jpg" alt="Product Image"></a><p>REDTIGER 4K Dash Cam Front and Rear, STARVIS 2 Sensor, Touch Screen 3.18", 128GB Card Included, Voice Control, 5.8GHz WiFi Car Dash Camera, GPS, Night Vision, Emergency Lock, Parking Mode (F7N Touch)</p><p> -25% 0FF </p><p>$149.99</p><a href="https://www.amazon.com/dp/B0C6YBHKJ5?tag=eloabder-20&linkCode=osi&th=1&psc=1">View Product</a></div><div class="product"><a href="https://www.amazon.com/dp/B0BKF6XQVY?tag=eloabder-20&linkCode=osi&th=1&psc=1"><img src="https://m.media-amazon.com/images/I/41kQ6r03ocL._SL500_.jpg" alt="Product Image"></a><p>ARIFAYZ Dash Cam Front and Rear 4K+1080P, Free 64GB Card, Built-in WiFi, Dash Camera for Cars, Car Camera, Dual Dashcams for Cars with Night Vision, 24 Hours Parking Monitor, Loop Recording</p><p> -10% 0FF </p><p>$89.99</p><a href="https://www.amazon.com/dp/B0BKF6XQVY?tag=eloabder-20&linkCode=osi&th=1&psc=1">View Product</a></div>
<div class="product"><a href="https://www.amazon.com/dp/B07LF7YBNF?tag=eloabder-20&linkCode=osi&th=1&psc=1"><img src="https://m.media-amazon.com/images/I/514tDraUiKL._SL500_.jpg" alt="Product Image"></a><p>BANVIE Car Alarm System, Security Antitheft Alarm Systems with Keyless Entry, with Microwave Sensor & Shock Sensor</p><p> -11% 0FF </p><p>$32.99</p><a href="https://www.amazon.com/dp/B07LF7YBNF?tag=eloabder-20&linkCode=osi&th=1&psc=1">View Product</a></div>
<div class="product"><a href="https://www.amazon.com/dp/B07FT6R38V?tag=eloabder-20&linkCode=osi&th=1&psc=1"><img src="https://m.media-amazon.com/images/I/51PS4hJmevL._SL500_.jpg" alt="Product Image"></a><p>LIANXIN Roadside Assistance Emergency Kit - Car Emergency Kit with Jumper Cables (Upgraded) Emergency Roadside Kit for Car 142 Pieces Car Safety Kits,Tow Strap,Tool Kit,Reflective Warning Triangle</p><p> -5% 0FF </p><p>$39.99</p><a href="https://www.amazon.com/dp/B07FT6R38V?tag=eloabder-20&linkCode=osi&th=1&psc=1">View Product</a></div><div class="product"><a href="https://www.amazon.com/dp/B07BR7Q4RG?tag=eloabder-20&linkCode=osi&th=1&psc=1"><img src="https://m.media-amazon.com/images/I/51wT7DxPZ-L._SL500_.jpg" alt="Product Image"></a><p>STDY Car Roadside Emergency Kit, Vehicle Truck Safety Road Side Assistance Kits Auto Accessory, with Jumper Cables, First Aid Kit, Tow Rope, Reflective Triangle, Tire Pressure Gauge, etc</p><p> -36% 0FF </p><p>$34.99</p><a href="https://www.amazon.com/dp/B07BR7Q4RG?tag=eloabder-20&linkCode=osi&th=1&psc=1">View Product</a></div><div class="product"><a href="https://www.amazon.com/dp/B08RS888RH?tag=eloabder-20&linkCode=osi&th=1&psc=1"><img src="https://m.media-amazon.com/images/I/511WieELkPL._SL500_.jpg" alt="Product Image"></a><p>Vetoos Car Roadside Emergency Kit with Jumper Cables, Auto Vehicle Safety Road Side Assistance Kits, Winter Car Kit Essentials for Women and Men, with Car Repair Tool Set, Folding Survival Shovel</p><p> -33% 0FF </p><p>$39.99</p><a href="https://www.amazon.com/dp/B08RS888RH?tag=eloabder-20&linkCode=osi&th=1&psc=1">View Product</a></div><div class="product"><a href="https://www.amazon.com/dp/B086ZZ145D?tag=eloabder-20&linkCode=osi&th=1&psc=1"><img src="https://m.media-amazon.com/images/I/517daXfVHHL._SL500_.jpg" alt="Product Image"></a><p>Vetoos Roadside Emergency Car Kit with Jumper Cables, Auto Vehicle Safety Road Side Assistance Kit Essentials, Winter Car Kit for Women and Men, with Mini Car Tool Set, Dial Tire Pressure Gauge</p><p> -30% 0FF </p><p>$34.99</p><a href="https://www.amazon.com/dp/B086ZZ145D?tag=eloabder-20&linkCode=osi&th=1&psc=1">View Product</a></div><div class="product"><a href="https://www.amazon.com/dp/B09QXJF7C5?tag=eloabder-20&linkCode=osi&th=1&psc=1"><img src="https://m.media-amazon.com/images/I/51Mvi43rtIL._SL500_.jpg" alt="Product Image"></a><p>WETBAS Car Roadside Emergency Kit, Auto Vehicle Safety Emergency Road Side Assistance Kits Essentials, Solenoid Starter Repair Kit with Jumper Cables, Safety Hammer, Reflective Warning Triangle</p><p> -36% 0FF </p><p>$34.98</p><a href="https://www.amazon.com/dp/B09QXJF7C5?tag=eloabder-20&linkCode=osi&th=1&psc=1">View Product</a></div>

<div class="product"><a href="https://www.amazon.com/dp/B0DH1TN5BW?tag=eloabder-20&linkCode=osi&th=1&psc=1"><img src="https://m.media-amazon.com/images/I/411obZQLkyL._SL500_.jpg" alt="Product Image"></a><p>Miroddi Keychain with Smart Tracker, Men's Keychain Works with Find My App, Heavy Duty Car Key Chains with Bottle Opener Fob Carabiner, Key Finder GPS Tracker, Rechargeable, Gunmetal</p><p> -10% 0FF </p><p>$29.69</p><a href="https://www.amazon.com/dp/B0DH1TN5BW?tag=eloabder-20&linkCode=osi&th=1&psc=1">View Product</a></div><div class="product"><a href="https://www.amazon.com/dp/B09XM96H87?tag=eloabder-20&linkCode=osi&th=1&psc=1"><img src="https://m.media-amazon.com/images/I/41Fo2NZJx5L._SL500_.jpg" alt="Product Image"></a><p>SinoTrack Digital GPS Speedometer Universal Heads Up Display for Car 5.5 inch Large LCD Display HUD with MPH Speed Fatigued Driving Alert Overspeed Alarm Trip Meter for All Vehicle</p><p> -9% 0FF </p><p>$29.98</p><a href="https://www.amazon.com/dp/B09XM96H87?tag=eloabder-20&linkCode=osi&th=1&psc=1">View Product</a></div><div class="product"><a href="https://www.amazon.com/dp/B0DLBDTFL7?tag=eloabder-20&linkCode=osi&th=1&psc=1"><img src="https://m.media-amazon.com/images/I/41NGzpkL0sL._SL500_.jpg" alt="Product Image"></a><p>GPS Navigator for Car Truck RV, Latest 2025 Map, 7 inch Touch Screen Real Voice Spoken Turn-by-Turn Direction Reminding Navigation System for Cars, Vehicle GPS with Speed and Red Light Warning (Blue)</p><p> -19% 0FF </p><p>$56.99</p><a href="https://www.amazon.com/dp/B0DLBDTFL7?tag=eloabder-20&linkCode=osi&th=1&psc=1">View Product</a></div><div class="product"><a href="https://www.amazon.com/dp/B0B5M53F92?tag=eloabder-20&linkCode=osi&th=1&psc=1"><img src="https://m.media-amazon.com/images/I/41jXjmrwkOL._SL500_.jpg" alt="Product Image"></a><p>Premium GPS Tracking Sticker for car, Bike, Motorcycle Anti-Theft Stickers This Vehicle Protected by Warning Tracker Sticker Decal Self Adhesive Sign 4" x 2" Vinyl — UV Resistent (Pack of 2)</p><p> -15% 0FF </p><p>$4.99 ($2.50 / Count)</p><a href="https://www.amazon.com/dp/B0B5M53F92?tag=eloabder-20&linkCode=osi&th=1&psc=1">View Product</a></div>
<div class="product"><a href="https://www.amazon.com/dp/B083GHXFTJ?tag=eloabder-20&linkCode=osi&th=1&psc=1"><img src="https://m.media-amazon.com/images/I/51YLCVtIhJL._SL500_.jpg" alt="Product Image"></a><p>Winzwon Interior Led Lights for Car Accessories for Women Men, Birthday Gifts for Men Him, APP Control with USB Port Music Sync Color Change Lights for Jeep Truck Decor, 12V</p><p> -23% 0FF </p><p>$9.99 ($2.50 / Count)</p><a href="https://www.amazon.com/dp/B083GHXFTJ?tag=eloabder-20&linkCode=osi&th=1&psc=1">View Product</a></div><div class="product"><a href="https://www.amazon.com/dp/B08F9PF2Y5?tag=eloabder-20&linkCode=osi&th=1&psc=1"><img src="https://m.media-amazon.com/images/I/51erdB7xL4L._SL500_.jpg" alt="Product Image"></a><p>Interior Car LED Strip Lights APP Control, 5 in 1 RGB 16 Million Colors Ambient Lighting Kit with 236 inches Fiber Optic, Music Mode Inside Car Lighting Decorations</p><p> -5% 0FF </p><p>$20.88</p><a href="https://www.amazon.com/dp/B08F9PF2Y5?tag=eloabder-20&linkCode=osi&th=1&psc=1">View Product</a></div><div class="product"><a href="https://www.amazon.com/dp/B097CB5WXB?tag=eloabder-20&linkCode=osi&th=1&psc=1"><img src="https://m.media-amazon.com/images/I/51T-wkU4nKL._SL500_.jpg" alt="Product Image"></a><p>Interior Car Lights Keepsmile Car Accessories APP Control with Remote Music Sync Color Change RGB Under Dash Lighting with Charger 12V LED Lights Running Board Lights</p><p> -20% 0FF </p><p>$15.99</p><a href="https://www.amazon.com/dp/B097CB5WXB?tag=eloabder-20&linkCode=osi&th=1&psc=1">View Product</a></div>
<div class="product"><a href="https://www.amazon.com/dp/B0CDBQT23P?tag=eloabder-20&linkCode=osi&th=1&psc=1"><img src="https://m.media-amazon.com/images/I/41+xWbXza3L._SL500_.jpg" alt="Product Image"></a><p>AUXITO 9005/HB3 H11/H8/H9 LED Bulbs Combo, 50000LM Bright 6500K Cool White, 120W Fanless Light Bulbs, Pack of 4</p><p> -22% 0FF </p><p>$69.98</p><a href="https://www.amazon.com/dp/B0CDBQT23P?tag=eloabder-20&linkCode=osi&th=1&psc=1">View Product</a></div><div class="product"><a href="https://www.amazon.com/dp/B0D1YGCQH1?tag=eloabder-20&linkCode=osi&th=1&psc=1"><img src="https://m.media-amazon.com/images/I/51Q44nlhKJL._SL500_.jpg" alt="Product Image"></a><p>Marsauto M1S 9005/HB3 H11/H8/H9 Light Bulbs Combo, 800% Super Brighter H11 9005 Bulbs or Fog, 6000K HB3 H9 Cool White, 3 Min Plug and Play Lights Combo, IP68, Pack of 4</p><p> -35% 0FF </p><p>$45.59 ($11.40 / Count)</p><a href="https://www.amazon.com/dp/B0D1YGCQH1?tag=eloabder-20&linkCode=osi&th=1&psc=1">View Product</a></div><div class="product"><a href="https://www.amazon.com/dp/B0F4CZ32P6?tag=eloabder-20&linkCode=osi&th=1&psc=1"><img src="https://m.media-amazon.com/images/I/41-t621Z4+L._SL500_.jpg" alt="Product Image"></a><p>AUTOONE Upgraded H7/H7LL LED Light Bulb, Super Bright Real 1:1 Halogen Mini Size, 10-Year Extended Lifespan, 6500K White Illumination for Automotive Fog Lights, Plug and Play, Pack of 2</p><p> -8% 0FF </p><p>$36.99 ($18.50 / Count)</p><a href="https://www.amazon.com/dp/B0F4CZ32P6?tag=eloabder-20&linkCode=osi&th=1&psc=1">View Product</a></div>
<div class="product"><a href="https://www.amazon.com/dp/B08BHN2NN1?tag=eloabder-20&linkCode=osi&th=1&psc=1"><img src="https://m.media-amazon.com/images/I/41ddySbPN-L._SL500_.jpg" alt="Product Image"></a><p>EMITHSUN OEM QUALITY 26" + 16" Premium All-Seasons Stable And Quiet Windshield Wiper Blades(Set of 2)</p><p> -15% 0FF </p><p>$16.99</p><a href="https://www.amazon.com/dp/B08BHN2NN1?tag=eloabder-20&linkCode=osi&th=1&psc=1">View Product</a></div><div class="product"><a href="https://www.amazon.com/dp/B08MF13665?tag=eloabder-20&linkCode=osi&th=1&psc=1"><img src="https://m.media-amazon.com/images/I/51I-r5q796L._SL500_.jpg" alt="Product Image"></a><p>AUTOBOO 26" and 18" Windshield Wipers Blades (Pack Of 2),OEM Quality Premium All-Seasons Wiper blades,Stable and Quiet Armor wiper blades</p><p> -20% 0FF </p><p>$15.98</p><a href="https://www.amazon.com/dp/B08MF13665?tag=eloabder-20&linkCode=osi&th=1&psc=1">View Product</a></div><div class="product"><a href="https://www.amazon.com/dp/B088RJ168L?tag=eloabder-20&linkCode=osi&th=1&psc=1"><img src="https://m.media-amazon.com/images/I/410IqJ2r+hL._SL500_.jpg" alt="Product Image"></a><p>OEM QUALITY 26" + 19" PARRATI Premium All-Season Windshield Wiper Blades (Set of 2)</p><p> -13% 0FF </p><p>$17.39</p><a href="https://www.amazon.com/dp/B088RJ168L?tag=eloabder-20&linkCode=osi&th=1&psc=1">View Product</a></div><div class="product"><a href="https://www.amazon.com/dp/B0BHTHFTJH?tag=eloabder-20&linkCode=osi&th=1&psc=1"><img src="https://m.media-amazon.com/images/I/41CZndsAdkL._SL500_.jpg" alt="Product Image"></a><p>Wenyant 28"+28" Compatible with Ford Edge 2020-2015 Escape 2019-2013 Focus 2018-2012 Fusion 2019-2013 Front Windshield Wiper Blades for My Car Original Equipment Automotive Replacement (Set of 2)</p><p> -10% 0FF </p><p>$17.99</p><a href="https://www.amazon.com/dp/B0BHTHFTJH?tag=eloabder-20&linkCode=osi&th=1&psc=1">View Product</a></div>
<div class="product"><a href="https://www.amazon.com/dp/B098SCL6WY?tag=eloabder-20&linkCode=osi&th=1&psc=1"><img src="https://m.media-amazon.com/images/I/413q5T98ohL._SL500_.jpg" alt="Product Image"></a><p>Car Rooftop Cargo Carrier - 21 Cubic Feet, 100% Waterproof Heavy Duty 840D Car Roof Bag for All Vehicles with/Without Racks - Anti-Slip Mat, 6 Door Hooks, Storage Bag, 2 Extra Straps</p><p> -23% 0FF </p><p>$99.99</p><a href="https://www.amazon.com/dp/B098SCL6WY?tag=eloabder-20&linkCode=osi&th=1&psc=1">View Product</a></div><div class="product"><a href="https://www.amazon.com/dp/B083T53K3P?tag=eloabder-20&linkCode=osi&th=1&psc=1"><img src="https://m.media-amazon.com/images/I/31a-GM0ujxL._SL500_.jpg" alt="Product Image"></a><p>Amazon Basics Cross Rail Roof Rack, 52 inches, Fits up to 46" Spans between Raised Side Rails with Gap, Pack of 2, Black/Silver</p><p> -8% 0FF </p><p>$53.99</p><a href="https://www.amazon.com/dp/B083T53K3P?tag=eloabder-20&linkCode=osi&th=1&psc=1">View Product</a></div><div class="product"><a href="https://www.amazon.com/dp/B0DHVGLZHS?tag=eloabder-20&linkCode=osi&th=1&psc=1"><img src="https://m.media-amazon.com/images/I/31S6dp9t7gL._SL500_.jpg" alt="Product Image"></a><p>VEVOR Universal Roof Rack Cross Bars, 41.3" Aluminum Roof Rack with 155 lbs Load Capacity, Adjustable Roof Crossbars with Locks, fit Cars Without Side Rail, for SUVs, Sedans, and Vans</p><p> -13% 0FF </p><p>$53.99</p><a href="https://www.amazon.com/dp/B0DHVGLZHS?tag=eloabder-20&linkCode=osi&th=1&psc=1">View Product</a></div>
<div class="product"><a href="https://www.amazon.com/dp/B000AAYBSW?tag=eloabder-20&linkCode=osi&th=1&psc=1"><img src="https://m.media-amazon.com/images/I/41YERSWqFDL._SL500_.jpg" alt="Product Image"></a><p>BELL Double Back Two-Bike Trunk Rack</p><p> -41% 0FF </p><p>$47.99</p><a href="https://www.amazon.com/dp/B000AAYBSW?tag=eloabder-20&linkCode=osi&th=1&psc=1">View Product</a></div>
<div class="product"><a href="https://www.amazon.com/dp/B0CZP1HLSW?tag=eloabder-20&linkCode=osi&th=1&psc=1"><img src="https://m.media-amazon.com/images/I/31MJck4XJeL._SL500_.jpg" alt="Product Image"></a><p>Asinking Car Rooftop Cargo Carrier Bag - 100% Waterproof Heavy Duty Car Roof Luggage Carrier 21 Cubic Feet, Fits All Vehicles with/Without Roof Rack - Easy Install & Triply Reinforced for Secure Use</p><p> -57% 0FF </p><p>$59.97</p><a href="https://www.amazon.com/dp/B0CZP1HLSW?tag=eloabder-20&linkCode=osi&th=1&psc=1">View Product</a></div><div class="product"><a href="https://www.amazon.com/dp/B07P72DV84?tag=eloabder-20&linkCode=osi&th=1&psc=1"><img src="https://m.media-amazon.com/images/I/51kqBbI1pAL._SL500_.jpg" alt="Product Image"></a><p>OKLEAD 500 Lbs Heavy Duty Hitch Mount Cargo Carrier 60" x 24" x 14.4" Folding Cargo Rack Rear Luggage Basket Fits 2" Receiver for Car SUV Camping Traveling</p><p> -12% 0FF </p><p>$229.99</p><a href="https://www.amazon.com/dp/B07P72DV84?tag=eloabder-20&linkCode=osi&th=1&psc=1">View Product</a></div>
<div class="product"><a href="https://www.amazon.com/dp/B08LPJB9KK?tag=eloabder-20&linkCode=osi&th=1&psc=1"><img src="https://m.media-amazon.com/images/I/51UPOojNtBL._SL500_.jpg" alt="Product Image"></a><p>PETICON SUV Cargo Liner for Dogs, Waterproof Pet Cargo Cover Dog Seat Mat for SUVs Sedans Vans with Bumper Flap Protector, Non-Slip, Large Size Universal Fit, Black</p><p> -10% 0FF </p><p>$44.99</p><a href="https://www.amazon.com/dp/B08LPJB9KK?tag=eloabder-20&linkCode=osi&th=1&psc=1">View Product</a></div><div class="product"><a href="https://www.amazon.com/dp/B071JY9G2P?tag=eloabder-20&linkCode=osi&th=1&psc=1"><img src="https://m.media-amazon.com/images/I/51edZTY6iEL._SL500_.jpg" alt="Product Image"></a><p>HelloTree SUV Cargo Liner for Dogs Waterproof Pet Cargo Cover Dog Seat Mat for SUVs Oxford Car SUV Seat Cover Trunk Protector for Vehicles Washable Dog Accessories</p><p> -15% 0FF </p><p>$19.54</p><a href="https://www.amazon.com/dp/B071JY9G2P?tag=eloabder-20&linkCode=osi&th=1&psc=1">View Product</a></div><div class="product"><a href="https://www.amazon.com/dp/B0DS5X7GYS?tag=eloabder-20&linkCode=osi&th=1&psc=1"><img src="https://m.media-amazon.com/images/I/41r6K3mRSiL._SL500_.jpg" alt="Product Image"></a><p>fidozen Universal Cargo Liner for SUV – Waterproof Dog Trunk Mat, Non-Slip Back Seat Protector, Car Bed Cover, Pet Barrier, Rear Liner Accessories for Trucks & Sedans, Universal Fit Trunk Cover</p><p> -13% 0FF </p><p>$19.99</p><a href="https://www.amazon.com/dp/B0DS5X7GYS?tag=eloabder-20&linkCode=osi&th=1&psc=1">View Product</a></div>
<div class="product"><a href="https://www.amazon.com/dp/B0FCCFR3FK?tag=eloabder-20&linkCode=osi&th=1&psc=1"><img src="https://m.media-amazon.com/images/I/51YvAjjXd1L._SL500_.jpg" alt="Product Image"></a><p>KoovDem 2-PCS Universal Metal Belt - Durable - Extenders Bag Quick Release Buckle for Replacement 14-Inch Belt Buckle</p><p> -18% 0FF </p><p>$22.99</p><a href="https://www.amazon.com/dp/B0FCCFR3FK?tag=eloabder-20&linkCode=osi&th=1&psc=1">View Product</a></div><div class="product"><a href="https://www.amazon.com/dp/B084P36HWT?tag=eloabder-20&linkCode=osi&th=1&psc=1"><img src="https://m.media-amazon.com/images/I/31IpG2p7-UL._SL500_.jpg" alt="Product Image"></a><p>RHOX SEAT-2000 Seat Belt 60" Length, 2" Width Golf carts</p><p> -11% 0FF </p><p>$31.24</p><a href="https://www.amazon.com/dp/B084P36HWT?tag=eloabder-20&linkCode=osi&th=1&psc=1">View Product</a></div><div class="product"><a href="https://www.amazon.com/dp/B09G6MQ4B3?tag=eloabder-20&linkCode=osi&th=1&psc=1"><img src="https://m.media-amazon.com/images/I/418T0z-MqtL._SL500_.jpg" alt="Product Image"></a><p>iLSKW Retractable 61" DOT Seat Belts Universal Seat Belts for Golf Cart EZGO TXT RXV, Yamaha, Club Car (1 Set Only)</p><p> -27% 0FF </p><p>$21.99</p><a href="https://www.amazon.com/dp/B09G6MQ4B3?tag=eloabder-20&linkCode=osi&th=1&psc=1">View Product</a></div>
<div class="product"><a href="https://www.amazon.com/dp/B07TKB5SWG?tag=eloabder-20&linkCode=osi&th=1&psc=1"><img src="https://m.media-amazon.com/images/I/31ZJD0uNA-L._SL500_.jpg" alt="Product Image"></a><p>SMART ELF Car Seat Protector, 2Pack Seat Protector Protect Child Seats with Thickest Padding and Non-Slip Backing Mesh Pockets for Baby and Pet,Sedan SUV Truck (Black)</p><p> -14% 0FF </p><p>$29.97</p><a href="https://www.amazon.com/dp/B07TKB5SWG?tag=eloabder-20&linkCode=osi&th=1&psc=1">View Product</a></div><div class="product"><a href="https://www.amazon.com/dp/B07JBQBVL6?tag=eloabder-20&linkCode=osi&th=1&psc=1"><img src="https://m.media-amazon.com/images/I/31PZj+OEfjL._SL500_.jpg" alt="Product Image"></a><p>Car Seat Protector for Baby Child Car Seats, Shynerk Auto Seat Cover Mat for Under Carseat to Protect Automotive Vehicle Leather and Cloth Upholstery - Waterproof and Dirt Resistant</p><p> -33% 0FF </p><p>$19.98</p><a href="https://www.amazon.com/dp/B07JBQBVL6?tag=eloabder-20&linkCode=osi&th=1&psc=1">View Product</a></div><div class="product"><a href="https://www.amazon.com/dp/B08JB3ZVB6?tag=eloabder-20&linkCode=osi&th=1&psc=1"><img src="https://m.media-amazon.com/images/I/41qltgLOhDL._SL500_.jpg" alt="Product Image"></a><p>Meolsaek Car Seat Protector, Non-Slip Backing Will Not Leave Imprint, Waterproof Thicker Car Seat Cover for SUV, Sedan, Truck, Leather Seat Protector (Gray Black)</p><p> -34% 0FF </p><p>$20.99 ($10.50 / Count)</p><a href="https://www.amazon.com/dp/B08JB3ZVB6?tag=eloabder-20&linkCode=osi&th=1&psc=1">View Product</a></div><div class="product"><a href="https://www.amazon.com/dp/B0897YND6W?tag=eloabder-20&linkCode=osi&th=1&psc=1"><img src="https://m.media-amazon.com/images/I/51FxXsg55IL._SL500_.jpg" alt="Product Image"></a><p>Helteko Carseat Protector with Thickest Padding, 2 Pack Auto Seat Pad from Waterproof & Stain Resistant for Child Baby , Kick Mat Material for Leather and Fabric Seat</p><p> -19% 0FF </p><p>$28.99</p><a href="https://www.amazon.com/dp/B0897YND6W?tag=eloabder-20&linkCode=osi&th=1&psc=1">View Product</a></div><div class="product"><a href="https://www.amazon.com/dp/B00B7M7CLA?tag=eloabder-20&linkCode=osi&th=1&psc=1"><img src="https://m.media-amazon.com/images/I/31Fd5Ue510L._SL500_.jpg" alt="Product Image"></a><p>Munchkin® Back Seat Cover for Kids, Deluxe Kick Mats™ Car Seat Protector, Black, 2 Pack</p><p> -20% 0FF </p><p>$15.19</p><a href="https://www.amazon.com/dp/B00B7M7CLA?tag=eloabder-20&linkCode=osi&th=1&psc=1">View Product</a></div><div class="product"><a href="https://www.amazon.com/dp/B0BX36GGDS?tag=eloabder-20&linkCode=osi&th=1&psc=1"><img src="https://m.media-amazon.com/images/I/51oHk8LVt7L._SL500_.jpg" alt="Product Image"></a><p>Skechers Memory Foam Leather Car Seat Covers, Air Cool Mesh Thick Seat Covers, Slip-ins Front seat Cover, Airbag Compatible, Automotive Comfort for Most Cars, Vans, Trucks, SUV,Black</p><p> -29% 0FF </p><p>$40.01</p><a href="https://www.amazon.com/dp/B0BX36GGDS?tag=eloabder-20&linkCode=osi&th=1&psc=1">View Product</a></div>
<div class="product"><a href="https://www.amazon.com/dp/B000VAKXVA?tag=eloabder-20&linkCode=osi&th=1&psc=1"><img src="https://m.media-amazon.com/images/I/511Rv7cB1qL._SL500_.jpg" alt="Product Image"></a><p>Security Chain Company SC1032 Radial Chain Cable Traction Tire Chain - Set of 2</p><p> -24% 0FF </p><p>$35.07</p><a href="https://www.amazon.com/dp/B000VAKXVA?tag=eloabder-20&linkCode=osi&th=1&psc=1">View Product</a></div><div class="product"><a href="https://www.amazon.com/dp/B000HZFDPU?tag=eloabder-20&linkCode=osi&th=1&psc=1"><img src="https://m.media-amazon.com/images/I/51Bo-7auJlL._SL500_.jpg" alt="Product Image"></a><p>SCC SZ143 Super Z6 Cable Tire Chain for Passenger Cars, Pickups, and SUVs - Set of 2</p><p> -16% 0FF </p><p>$75.51</p><a href="https://www.amazon.com/dp/B000HZFDPU?tag=eloabder-20&linkCode=osi&th=1&psc=1">View Product</a></div><div class="product"><a href="https://www.amazon.com/dp/B0CLH6H3C8?tag=eloabder-20&linkCode=osi&th=1&psc=1"><img src="https://m.media-amazon.com/images/I/51ufxX-WxIL._SL500_.jpg" alt="Product Image"></a><p>Snow Chains for Car 6 Pack, Emergency Anti Slip Chains for SUV/Trucks/ATV, Adjustable Universal Winter Security Chains for Ice Snow Mud Sand, Easy Installation, Tires Width 6.5-10.8"/165-275mm</p><p> -10% 0FF </p><p>$35.99</p><a href="https://www.amazon.com/dp/B0CLH6H3C8?tag=eloabder-20&linkCode=osi&th=1&psc=1">View Product</a></div><div class="product"><a href="https://www.amazon.com/dp/B0DKFZYNT4?tag=eloabder-20&linkCode=osi&th=1&psc=1"><img src="https://m.media-amazon.com/images/I/51Xg2NHnT2L._SL500_.jpg" alt="Product Image"></a><p>KYX Tire Chains for Car/SUV/Pickup Truks, Adjustable Universal Emergency Snow Chains for Tire, 8.7-11.1 inch, 8 Pcs,</p><p> -39% 0FF </p><p>$49.99</p><a href="https://www.amazon.com/dp/B0DKFZYNT4?tag=eloabder-20&linkCode=osi&th=1&psc=1">View Product</a></div>
<div class="product"><a href="https://www.amazon.com/dp/B01KIFISX2?tag=eloabder-20&linkCode=osi&th=1&psc=1"><img src="https://m.media-amazon.com/images/I/417UJ6FeU5L._SL500_.jpg" alt="Product Image"></a><p>EcoNour Patented Design for Car Windshield Sun Shade | Blocks 99% Heat and Keep Interior Cool | Fits Cars, SUV, Truck | Automotive Sun Screen,Visor and Summer Vehicle Accessories | Medium (64x32)</p><p> -36% 0FF </p><p>$15.99</p><a href="https://www.amazon.com/dp/B01KIFISX2?tag=eloabder-20&linkCode=osi&th=1&psc=1">View Product</a></div><div class="product"><a href="https://www.amazon.com/dp/B0CR6B5BVK?tag=eloabder-20&linkCode=osi&th=1&psc=1"><img src="https://m.media-amazon.com/images/I/41cCJEg8eQL._SL500_.jpg" alt="Product Image"></a><p>Autovir Foldable Windshield Sun Shade for Car – 240T Reflective UV and Heat Shield with Storage Bag | Keeps Interior Cool | Universal Fit for Sedans, SUVs, and Trucks – Medium (64" x 32")</p><p> -44% 0FF </p><p>$9.99</p><a href="https://www.amazon.com/dp/B0CR6B5BVK?tag=eloabder-20&linkCode=osi&th=1&psc=1">View Product</a></div><div class="product"><a href="https://www.amazon.com/dp/B08SHCN2WF?tag=eloabder-20&linkCode=osi&th=1&psc=1"><img src="https://m.media-amazon.com/images/I/51LWD9uvTEL._SL500_.jpg" alt="Product Image"></a><p>Ontel Brella Shield by Arctic Air, Car Windshield Sun Shade, One-Size (31x57"), As Seen on TV</p><p> -40% 0FF </p><p>$11.90</p><a href="https://www.amazon.com/dp/B08SHCN2WF?tag=eloabder-20&linkCode=osi&th=1&psc=1">View Product</a></div><div class="product"><a href="https://www.amazon.com/dp/B09DJYP623?tag=eloabder-20&linkCode=osi&th=1&psc=1"><img src="https://m.media-amazon.com/images/I/31zzyt2WMDL._SL500_.jpg" alt="Product Image"></a><p>Windshield Snow Cover for Cars, Trucks, Vans - Waterproof, Windproof Winter Frost and Ice Removal Sunshade With Side Mirror Covers</p><p> -40% 0FF </p><p>$10.79</p><a href="https://www.amazon.com/dp/B09DJYP623?tag=eloabder-20&linkCode=osi&th=1&psc=1">View Product</a></div><div class="product"><a href="https://www.amazon.com/dp/B01JAP2M2O?tag=eloabder-20&linkCode=osi&th=1&psc=1"><img src="https://m.media-amazon.com/images/I/41+4Eg0+75L._SL500_.jpg" alt="Product Image"></a><p>Car Windshield Sun Shade - Foldable Reflective Sun Visor for Cars, SUVs, Trucks, and Vehicles | Heat Blocking Sunshade to Keep Interior Cool | Summer Automotive Accessories</p><p> -25% 0FF </p><p>$4.50</p><a href="https://www.amazon.com/dp/B01JAP2M2O?tag=eloabder-20&linkCode=osi&th=1&psc=1">View Product</a></div>

<div class="product"><a href="https://www.amazon.com/dp/B004HCS4NW?tag=eloabder-20&linkCode=osi&th=1&psc=1"><img src="https://m.media-amazon.com/images/I/41j5b6xRqNL._SL500_.jpg" alt="Product Image"></a><p>Meguiar's G2016 Convertible Top Cleaner, 16 Fluid Ounces, Units per Each</p><p> -31% 0FF </p><p>$8.28 ($0.52 / Fl Oz)</p><a href="https://www.amazon.com/dp/B004HCS4NW?tag=eloabder-20&linkCode=osi&th=1&psc=1">View Product</a></div><div class="product"><a href="https://www.amazon.com/dp/B0BS42VY2N?tag=eloabder-20&linkCode=osi&th=1&psc=1"><img src="https://m.media-amazon.com/images/I/4179SVWrunL._SL500_.jpg" alt="Product Image"></a><p>A-Premium Black Convertible Soft Top Compatible with Ford Mustang 2005-2014, Convertible, with Glass Window</p><p> -12% 0FF </p><p>$309.99</p><a href="https://www.amazon.com/dp/B0BS42VY2N?tag=eloabder-20&linkCode=osi&th=1&psc=1">View Product</a></div>
<div class="product"><a href="https://www.amazon.com/dp/B00029CYRG?tag=eloabder-20&linkCode=osi&th=1&psc=1"><img src="https://m.media-amazon.com/images/I/41Hnigm4E8L._SL500_.jpg" alt="Product Image"></a><p>Meguiar's M6732 Marine/RV One Step Compound, Remove Oxidation, Stains, Scratches, and Water Spots, Restore The Color and Shine of Fiberglass Gel Coat Finishes, 32 Oz Bottle</p><p> -10% 0FF </p><p>$19.62 ($0.61 / Fl Oz)</p><a href="https://www.amazon.com/dp/B00029CYRG?tag=eloabder-20&linkCode=osi&th=1&psc=1">View Product</a></div><div class="product"><a href="https://www.amazon.com/dp/B0007TR47G?tag=eloabder-20&linkCode=osi&th=1&psc=1"><img src="https://m.media-amazon.com/images/I/41TJAH5y4lL._SL500_.jpg" alt="Product Image"></a><p>Meguiar's M6332 Flagship Premium Marine Wax, Easy to Use Boat Polish and Wax, Remove Scratches, Swirls, and Oxidation While Leaving Lasting Protection, 32 Oz Bottle</p><p> -30% 0FF </p><p>$24.96</p><a href="https://www.amazon.com/dp/B0007TR47G?tag=eloabder-20&linkCode=osi&th=1&psc=1">View Product</a></div><div class="product"><a href="https://www.amazon.com/dp/B001GXDWGO?tag=eloabder-20&linkCode=osi&th=1&psc=1"><img src="https://m.media-amazon.com/images/I/41Gisw5b70L._SL500_.jpg" alt="Product Image"></a><p>Hardline Products Series 350 Factory Matched 3-Inch Boat & PWC Registration Number Kit, Solid Black - BLK350EC</p><p> -6% 0FF </p><p>$12.10</p><a href="https://www.amazon.com/dp/B001GXDWGO?tag=eloabder-20&linkCode=osi&th=1&psc=1">View Product</a></div><div class="product"><a href="https://www.amazon.com/dp/B0000AY4YT?tag=eloabder-20&linkCode=osi&th=1&psc=1"><img src="https://m.media-amazon.com/images/I/51Dl0tlwnQL._SL500_.jpg" alt="Product Image"></a><p>Meguiar's M4965 Marine/RV Fiberglass Restoration System, 3-Piece Marine Fiberglass Repair Kit Featuring Oxidation Remover for Boat Care Plus Boat Polish and Wax</p><p> -35% 0FF </p><p>$34.63</p><a href="https://www.amazon.com/dp/B0000AY4YT?tag=eloabder-20&linkCode=osi&th=1&psc=1">View Product</a></div>

<div class="product"><a href="https://www.amazon.com/dp/B000MT94QA?tag=eloabder-20&linkCode=osi&th=1&psc=1"><img src="https://m.media-amazon.com/images/I/41j+V11HWVL._SL500_.jpg" alt="Product Image"></a><p>Scepter Duramax Flo ’N Go 14 Gallon (53 Liter) Fueling Station, Portable Gas Caddy and Fuel Transfer Pump with 10-Foot Hose for Lawn Mower, Farm, Marine, Commercial, and Home Use, Gasoline Only, Red</p><p> -8% 0FF </p><p>$141.99</p><a href="https://www.amazon.com/dp/B000MT94QA?tag=eloabder-20&linkCode=osi&th=1&psc=1">View Product</a></div><div class="product"><a href="https://www.amazon.com/dp/B001HVJKSY?tag=eloabder-20&linkCode=osi&th=1&psc=1"><img src="https://m.media-amazon.com/images/I/41yrThZv51L._SL500_.jpg" alt="Product Image"></a><p>RDS MFG INC 72771 Fuel Tank</p><p> -9% 0FF </p><p>$758.78</p><a href="https://www.amazon.com/dp/B001HVJKSY?tag=eloabder-20&linkCode=osi&th=1&psc=1">View Product</a></div>



<div class="product"><a href="https://www.amazon.com/dp/B098WVKF19?tag=eloabder-20&linkCode=osi&th=1&psc=1"><img src="https://m.media-amazon.com/images/I/41IK3vBCYyL._SL500_.jpg" alt="Product Image"></a><p>REDTIGER Dash Cam Front Rear, 4K/2.5K Full HD Dash Camera for Cars, Included 32GB Card, Built-in Wi-Fi GPS, APP Control, 3.18" IPS Screen, Night Vision, Wide Angle, WDR, 24H Parking Mode(F7NP)</p><p> -55% 0FF </p><p>$89.99</p><a href="https://www.amazon.com/dp/B098WVKF19?tag=eloabder-20&linkCode=osi&th=1&psc=1">View Product</a></div><div class="product"><a href="https://www.amazon.com/dp/B0D6J5B98H?tag=eloabder-20&linkCode=osi&th=1&psc=1"><img src="https://m.media-amazon.com/images/I/51SmyQooLuL._SL500_.jpg" alt="Product Image"></a><p>ROVE R2-4K DUAL Dash Cam Front and Rear, STARVIS 2 Sensor, FREE 128GB Card Included, 5G WiFi - up to 20MB/s Fastest Download Speed with App, 4K 2160P/FHD Dash Camera for Cars, 3" IPS, 24H Parking Mode</p><p> -35% 0FF </p><p>$129.99</p><a href="https://www.amazon.com/dp/B0D6J5B98H?tag=eloabder-20&linkCode=osi&th=1&psc=1">View Product</a></div><div class="product"><a href="https://www.amazon.com/dp/B0CKXMKRCS?tag=eloabder-20&linkCode=osi&th=1&psc=1"><img src="https://m.media-amazon.com/images/I/51V46zR7lIL._SL500_.jpg" alt="Product Image"></a><p>Dash Cam WiFi 2K, Car Camera with APP, Front Dash Camera for Cars, Mini Dashcams with WDR Night Vision, 24 Hours Parking Monitor, Loop Recording, G-Sensor</p><p> -33% 0FF </p><p>$39.98</p><a href="https://www.amazon.com/dp/B0CKXMKRCS?tag=eloabder-20&linkCode=osi&th=1&psc=1">View Product</a></div><div class="product"><a href="https://www.amazon.com/dp/B0C2Y6WXJ7?tag=eloabder-20&linkCode=osi&th=1&psc=1"><img src="https://m.media-amazon.com/images/I/51osSkFBZDL._SL500_.jpg" alt="Product Image"></a><p>Dash Cam Front and Rear, 1080P Dash Camera for Cars, 3 Channel Car Camera Front Rear and Inside with 32GB Card, Loop Recording, Night Vision, HDR, G-Sensor, 24Hr Parking</p><p> -14% 0FF </p><p>$59.99</p><a href="https://www.amazon.com/dp/B0C2Y6WXJ7?tag=eloabder-20&linkCode=osi&th=1&psc=1">View Product</a></div><div class="product"><a href="https://www.amazon.com/dp/B0C6YBHKJ5?tag=eloabder-20&linkCode=osi&th=1&psc=1"><img src="https://m.media-amazon.com/images/I/51ktc2240CL._SL500_.jpg" alt="Product Image"></a><p>REDTIGER 4K Dash Cam Front and Rear, STARVIS 2 Sensor, Touch Screen 3.18", 128GB Card Included, Voice Control, 5.8GHz WiFi Car Dash Camera, GPS, Night Vision, Emergency Lock, Parking Mode (F7N Touch)</p><p> -25% 0FF </p><p>$149.99</p><a href="https://www.amazon.com/dp/B0C6YBHKJ5?tag=eloabder-20&linkCode=osi&th=1&psc=1">View Product</a></div><div class="product"><a href="https://www.amazon.com/dp/B0BKF6XQVY?tag=eloabder-20&linkCode=osi&th=1&psc=1"><img src="https://m.media-amazon.com/images/I/41kQ6r03ocL._SL500_.jpg" alt="Product Image"></a><p>ARIFAYZ Dash Cam Front and Rear 4K+1080P, Free 64GB Card, Built-in WiFi, Dash Camera for Cars, Car Camera, Dual Dashcams for Cars with Night Vision, 24 Hours Parking Monitor, Loop Recording</p><p> -10% 0FF </p><p>$89.99</p><a href="https://www.amazon.com/dp/B0BKF6XQVY?tag=eloabder-20&linkCode=osi&th=1&psc=1">View Product</a></div>
<div class="product"><a href="https://www.amazon.com/dp/B07LF7YBNF?tag=eloabder-20&linkCode=osi&th=1&psc=1"><img src="https://m.media-amazon.com/images/I/514tDraUiKL._SL500_.jpg" alt="Product Image"></a><p>BANVIE Car Alarm System, Security Antitheft Alarm Systems with Keyless Entry, with Microwave Sensor & Shock Sensor</p><p> -11% 0FF </p><p>$32.99</p><a href="https://www.amazon.com/dp/B07LF7YBNF?tag=eloabder-20&linkCode=osi&th=1&psc=1">View Product</a></div>
<div class="product"><a href="https://www.amazon.com/dp/B07FT6R38V?tag=eloabder-20&linkCode=osi&th=1&psc=1"><img src="https://m.media-amazon.com/images/I/51PS4hJmevL._SL500_.jpg" alt="Product Image"></a><p>LIANXIN Roadside Assistance Emergency Kit - Car Emergency Kit with Jumper Cables (Upgraded) Emergency Roadside Kit for Car 142 Pieces Car Safety Kits,Tow Strap,Tool Kit,Reflective Warning Triangle</p><p> -5% 0FF </p><p>$39.99</p><a href="https://www.amazon.com/dp/B07FT6R38V?tag=eloabder-20&linkCode=osi&th=1&psc=1">View Product</a></div><div class="product"><a href="https://www.amazon.com/dp/B07BR7Q4RG?tag=eloabder-20&linkCode=osi&th=1&psc=1"><img src="https://m.media-amazon.com/images/I/51wT7DxPZ-L._SL500_.jpg" alt="Product Image"></a><p>STDY Car Roadside Emergency Kit, Vehicle Truck Safety Road Side Assistance Kits Auto Accessory, with Jumper Cables, First Aid Kit, Tow Rope, Reflective Triangle, Tire Pressure Gauge, etc</p><p> -36% 0FF </p><p>$34.99</p><a href="https://www.amazon.com/dp/B07BR7Q4RG?tag=eloabder-20&linkCode=osi&th=1&psc=1">View Product</a></div><div class="product"><a href="https://www.amazon.com/dp/B08RS888RH?tag=eloabder-20&linkCode=osi&th=1&psc=1"><img src="https://m.media-amazon.com/images/I/511WieELkPL._SL500_.jpg" alt="Product Image"></a><p>Vetoos Car Roadside Emergency Kit with Jumper Cables, Auto Vehicle Safety Road Side Assistance Kits, Winter Car Kit Essentials for Women and Men, with Car Repair Tool Set, Folding Survival Shovel</p><p> -33% 0FF </p><p>$39.99</p><a href="https://www.amazon.com/dp/B08RS888RH?tag=eloabder-20&linkCode=osi&th=1&psc=1">View Product</a></div><div class="product"><a href="https://www.amazon.com/dp/B086ZZ145D?tag=eloabder-20&linkCode=osi&th=1&psc=1"><img src="https://m.media-amazon.com/images/I/517daXfVHHL._SL500_.jpg" alt="Product Image"></a><p>Vetoos Roadside Emergency Car Kit with Jumper Cables, Auto Vehicle Safety Road Side Assistance Kit Essentials, Winter Car Kit for Women and Men, with Mini Car Tool Set, Dial Tire Pressure Gauge</p><p> -30% 0FF </p><p>$34.99</p><a href="https://www.amazon.com/dp/B086ZZ145D?tag=eloabder-20&linkCode=osi&th=1&psc=1">View Product</a></div><div class="product"><a href="https://www.amazon.com/dp/B09QXJF7C5?tag=eloabder-20&linkCode=osi&th=1&psc=1"><img src="https://m.media-amazon.com/images/I/51Mvi43rtIL._SL500_.jpg" alt="Product Image"></a><p>WETBAS Car Roadside Emergency Kit, Auto Vehicle Safety Emergency Road Side Assistance Kits Essentials, Solenoid Starter Repair Kit with Jumper Cables, Safety Hammer, Reflective Warning Triangle</p><p> -36% 0FF </p><p>$34.98</p><a href="https://www.amazon.com/dp/B09QXJF7C5?tag=eloabder-20&linkCode=osi&th=1&psc=1">View Product</a></div>

<div class="product"><a href="https://www.amazon.com/dp/B0DH1TN5BW?tag=eloabder-20&linkCode=osi&th=1&psc=1"><img src="https://m.media-amazon.com/images/I/411obZQLkyL._SL500_.jpg" alt="Product Image"></a><p>Miroddi Keychain with Smart Tracker, Men's Keychain Works with Find My App, Heavy Duty Car Key Chains with Bottle Opener Fob Carabiner, Key Finder GPS Tracker, Rechargeable, Gunmetal</p><p> -10% 0FF </p><p>$29.69</p><a href="https://www.amazon.com/dp/B0DH1TN5BW?tag=eloabder-20&linkCode=osi&th=1&psc=1">View Product</a></div><div class="product"><a href="https://www.amazon.com/dp/B09XM96H87?tag=eloabder-20&linkCode=osi&th=1&psc=1"><img src="https://m.media-amazon.com/images/I/41Fo2NZJx5L._SL500_.jpg" alt="Product Image"></a><p>SinoTrack Digital GPS Speedometer Universal Heads Up Display for Car 5.5 inch Large LCD Display HUD with MPH Speed Fatigued Driving Alert Overspeed Alarm Trip Meter for All Vehicle</p><p> -9% 0FF </p><p>$29.98</p><a href="https://www.amazon.com/dp/B09XM96H87?tag=eloabder-20&linkCode=osi&th=1&psc=1">View Product</a></div><div class="product"><a href="https://www.amazon.com/dp/B0DLBDTFL7?tag=eloabder-20&linkCode=osi&th=1&psc=1"><img src="https://m.media-amazon.com/images/I/41NGzpkL0sL._SL500_.jpg" alt="Product Image"></a><p>GPS Navigator for Car Truck RV, Latest 2025 Map, 7 inch Touch Screen Real Voice Spoken Turn-by-Turn Direction Reminding Navigation System for Cars, Vehicle GPS with Speed and Red Light Warning (Blue)</p><p> -19% 0FF </p><p>$56.99</p><a href="https://www.amazon.com/dp/B0DLBDTFL7?tag=eloabder-20&linkCode=osi&th=1&psc=1">View Product</a></div><div class="product"><a href="https://www.amazon.com/dp/B0B5M53F92?tag=eloabder-20&linkCode=osi&th=1&psc=1"><img src="https://m.media-amazon.com/images/I/41jXjmrwkOL._SL500_.jpg" alt="Product Image"></a><p>Premium GPS Tracking Sticker for car, Bike, Motorcycle Anti-Theft Stickers This Vehicle Protected by Warning Tracker Sticker Decal Self Adhesive Sign 4" x 2" Vinyl — UV Resistent (Pack of 2)</p><p> -15% 0FF </p><p>$4.99 ($2.50 / Count)</p><a href="https://www.amazon.com/dp/B0B5M53F92?tag=eloabder-20&linkCode=osi&th=1&psc=1">View Product</a></div>
<div class="product"><a href="https://www.amazon.com/dp/B083GHXFTJ?tag=eloabder-20&linkCode=osi&th=1&psc=1"><img src="https://m.media-amazon.com/images/I/51YLCVtIhJL._SL500_.jpg" alt="Product Image"></a><p>Winzwon Interior Led Lights for Car Accessories for Women Men, Birthday Gifts for Men Him, APP Control with USB Port Music Sync Color Change Lights for Jeep Truck Decor, 12V</p><p> -23% 0FF </p><p>$9.99 ($2.50 / Count)</p><a href="https://www.amazon.com/dp/B083GHXFTJ?tag=eloabder-20&linkCode=osi&th=1&psc=1">View Product</a></div><div class="product"><a href="https://www.amazon.com/dp/B08F9PF2Y5?tag=eloabder-20&linkCode=osi&th=1&psc=1"><img src="https://m.media-amazon.com/images/I/51erdB7xL4L._SL500_.jpg" alt="Product Image"></a><p>Interior Car LED Strip Lights APP Control, 5 in 1 RGB 16 Million Colors Ambient Lighting Kit with 236 inches Fiber Optic, Music Mode Inside Car Lighting Decorations</p><p> -5% 0FF </p><p>$20.88</p><a href="https://www.amazon.com/dp/B08F9PF2Y5?tag=eloabder-20&linkCode=osi&th=1&psc=1">View Product</a></div><div class="product"><a href="https://www.amazon.com/dp/B097CB5WXB?tag=eloabder-20&linkCode=osi&th=1&psc=1"><img src="https://m.media-amazon.com/images/I/51T-wkU4nKL._SL500_.jpg" alt="Product Image"></a><p>Interior Car Lights Keepsmile Car Accessories APP Control with Remote Music Sync Color Change RGB Under Dash Lighting with Charger 12V LED Lights Running Board Lights</p><p> -20% 0FF </p><p>$15.99</p><a href="https://www.amazon.com/dp/B097CB5WXB?tag=eloabder-20&linkCode=osi&th=1&psc=1">View Product</a></div>
<div class="product"><a href="https://www.amazon.com/dp/B0CDBQT23P?tag=eloabder-20&linkCode=osi&th=1&psc=1"><img src="https://m.media-amazon.com/images/I/41+xWbXza3L._SL500_.jpg" alt="Product Image"></a><p>AUXITO 9005/HB3 H11/H8/H9 LED Bulbs Combo, 50000LM Bright 6500K Cool White, 120W Fanless Light Bulbs, Pack of 4</p><p> -22% 0FF </p><p>$69.98</p><a href="https://www.amazon.com/dp/B0CDBQT23P?tag=eloabder-20&linkCode=osi&th=1&psc=1">View Product</a></div><div class="product"><a href="https://www.amazon.com/dp/B0D1YGCQH1?tag=eloabder-20&linkCode=osi&th=1&psc=1"><img src="https://m.media-amazon.com/images/I/51Q44nlhKJL._SL500_.jpg" alt="Product Image"></a><p>Marsauto M1S 9005/HB3 H11/H8/H9 Light Bulbs Combo, 800% Super Brighter H11 9005 Bulbs or Fog, 6000K HB3 H9 Cool White, 3 Min Plug and Play Lights Combo, IP68, Pack of 4</p><p> -35% 0FF </p><p>$45.59 ($11.40 / Count)</p><a href="https://www.amazon.com/dp/B0D1YGCQH1?tag=eloabder-20&linkCode=osi&th=1&psc=1">View Product</a></div><div class="product"><a href="https://www.amazon.com/dp/B0F4CZ32P6?tag=eloabder-20&linkCode=osi&th=1&psc=1"><img src="https://m.media-amazon.com/images/I/41-t621Z4+L._SL500_.jpg" alt="Product Image"></a><p>AUTOONE Upgraded H7/H7LL LED Light Bulb, Super Bright Real 1:1 Halogen Mini Size, 10-Year Extended Lifespan, 6500K White Illumination for Automotive Fog Lights, Plug and Play, Pack of 2</p><p> -8% 0FF </p><p>$36.99 ($18.50 / Count)</p><a href="https://www.amazon.com/dp/B0F4CZ32P6?tag=eloabder-20&linkCode=osi&th=1&psc=1">View Product</a></div>
<div class="product"><a href="https://www.amazon.com/dp/B08BHN2NN1?tag=eloabder-20&linkCode=osi&th=1&psc=1"><img src="https://m.media-amazon.com/images/I/41ddySbPN-L._SL500_.jpg" alt="Product Image"></a><p>EMITHSUN OEM QUALITY 26" + 16" Premium All-Seasons Stable And Quiet Windshield Wiper Blades(Set of 2)</p><p> -15% 0FF </p><p>$16.99</p><a href="https://www.amazon.com/dp/B08BHN2NN1?tag=eloabder-20&linkCode=osi&th=1&psc=1">View Product</a></div><div class="product"><a href="https://www.amazon.com/dp/B08MF13665?tag=eloabder-20&linkCode=osi&th=1&psc=1"><img src="https://m.media-amazon.com/images/I/51I-r5q796L._SL500_.jpg" alt="Product Image"></a><p>AUTOBOO 26" and 18" Windshield Wipers Blades (Pack Of 2),OEM Quality Premium All-Seasons Wiper blades,Stable and Quiet Armor wiper blades</p><p> -20% 0FF </p><p>$15.98</p><a href="https://www.amazon.com/dp/B08MF13665?tag=eloabder-20&linkCode=osi&th=1&psc=1">View Product</a></div><div class="product"><a href="https://www.amazon.com/dp/B088RJ168L?tag=eloabder-20&linkCode=osi&th=1&psc=1"><img src="https://m.media-amazon.com/images/I/410IqJ2r+hL._SL500_.jpg" alt="Product Image"></a><p>OEM QUALITY 26" + 19" PARRATI Premium All-Season Windshield Wiper Blades (Set of 2)</p><p> -13% 0FF </p><p>$17.39</p><a href="https://www.amazon.com/dp/B088RJ168L?tag=eloabder-20&linkCode=osi&th=1&psc=1">View Product</a></div><div class="product"><a href="https://www.amazon.com/dp/B0BHTHFTJH?tag=eloabder-20&linkCode=osi&th=1&psc=1"><img src="https://m.media-amazon.com/images/I/41CZndsAdkL._SL500_.jpg" alt="Product Image"></a><p>Wenyant 28"+28" Compatible with Ford Edge 2020-2015 Escape 2019-2013 Focus 2018-2012 Fusion 2019-2013 Front Windshield Wiper Blades for My Car Original Equipment Automotive Replacement (Set of 2)</p><p> -10% 0FF </p><p>$17.99</p><a href="https://www.amazon.com/dp/B0BHTHFTJH?tag=eloabder-20&linkCode=osi&th=1&psc=1">View Product</a></div>
<div class="product"><a href="https://www.amazon.com/dp/B098SCL6WY?tag=eloabder-20&linkCode=osi&th=1&psc=1"><img src="https://m.media-amazon.com/images/I/413q5T98ohL._SL500_.jpg" alt="Product Image"></a><p>Car Rooftop Cargo Carrier - 21 Cubic Feet, 100% Waterproof Heavy Duty 840D Car Roof Bag for All Vehicles with/Without Racks - Anti-Slip Mat, 6 Door Hooks, Storage Bag, 2 Extra Straps</p><p> -23% 0FF </p><p>$99.99</p><a href="https://www.amazon.com/dp/B098SCL6WY?tag=eloabder-20&linkCode=osi&th=1&psc=1">View Product</a></div><div class="product"><a href="https://www.amazon.com/dp/B083T53K3P?tag=eloabder-20&linkCode=osi&th=1&psc=1"><img src="https://m.media-amazon.com/images/I/31a-GM0ujxL._SL500_.jpg" alt="Product Image"></a><p>Amazon Basics Cross Rail Roof Rack, 52 inches, Fits up to 46" Spans between Raised Side Rails with Gap, Pack of 2, Black/Silver</p><p> -8% 0FF </p><p>$53.99</p><a href="https://www.amazon.com/dp/B083T53K3P?tag=eloabder-20&linkCode=osi&th=1&psc=1">View Product</a></div><div class="product"><a href="https://www.amazon.com/dp/B0DHVGLZHS?tag=eloabder-20&linkCode=osi&th=1&psc=1"><img src="https://m.media-amazon.com/images/I/31S6dp9t7gL._SL500_.jpg" alt="Product Image"></a><p>VEVOR Universal Roof Rack Cross Bars, 41.3" Aluminum Roof Rack with 155 lbs Load Capacity, Adjustable Roof Crossbars with Locks, fit Cars Without Side Rail, for SUVs, Sedans, and Vans</p><p> -13% 0FF </p><p>$53.99</p><a href="https://www.amazon.com/dp/B0DHVGLZHS?tag=eloabder-20&linkCode=osi&th=1&psc=1">View Product</a></div>
<div class="product"><a href="https://www.amazon.com/dp/B000AAYBSW?tag=eloabder-20&linkCode=osi&th=1&psc=1"><img src="https://m.media-amazon.com/images/I/41YERSWqFDL._SL500_.jpg" alt="Product Image"></a><p>BELL Double Back Two-Bike Trunk Rack</p><p> -41% 0FF </p><p>$47.99</p><a href="https://www.amazon.com/dp/B000AAYBSW?tag=eloabder-20&linkCode=osi&th=1&psc=1">View Product</a></div>
<div class="product"><a href="https://www.amazon.com/dp/B0CZP1HLSW?tag=eloabder-20&linkCode=osi&th=1&psc=1"><img src="https://m.media-amazon.com/images/I/31MJck4XJeL._SL500_.jpg" alt="Product Image"></a><p>Asinking Car Rooftop Cargo Carrier Bag - 100% Waterproof Heavy Duty Car Roof Luggage Carrier 21 Cubic Feet, Fits All Vehicles with/Without Roof Rack - Easy Install & Triply Reinforced for Secure Use</p><p> -57% 0FF </p><p>$59.97</p><a href="https://www.amazon.com/dp/B0CZP1HLSW?tag=eloabder-20&linkCode=osi&th=1&psc=1">View Product</a></div><div class="product"><a href="https://www.amazon.com/dp/B07P72DV84?tag=eloabder-20&linkCode=osi&th=1&psc=1"><img src="https://m.media-amazon.com/images/I/51kqBbI1pAL._SL500_.jpg" alt="Product Image"></a><p>OKLEAD 500 Lbs Heavy Duty Hitch Mount Cargo Carrier 60" x 24" x 14.4" Folding Cargo Rack Rear Luggage Basket Fits 2" Receiver for Car SUV Camping Traveling</p><p> -12% 0FF </p><p>$229.99</p><a href="https://www.amazon.com/dp/B07P72DV84?tag=eloabder-20&linkCode=osi&th=1&psc=1">View Product</a></div>
<div class="product"><a href="https://www.amazon.com/dp/B08LPJB9KK?tag=eloabder-20&linkCode=osi&th=1&psc=1"><img src="https://m.media-amazon.com/images/I/51UPOojNtBL._SL500_.jpg" alt="Product Image"></a><p>PETICON SUV Cargo Liner for Dogs, Waterproof Pet Cargo Cover Dog Seat Mat for SUVs Sedans Vans with Bumper Flap Protector, Non-Slip, Large Size Universal Fit, Black</p><p> -10% 0FF </p><p>$44.99</p><a href="https://www.amazon.com/dp/B08LPJB9KK?tag=eloabder-20&linkCode=osi&th=1&psc=1">View Product</a></div><div class="product"><a href="https://www.amazon.com/dp/B071JY9G2P?tag=eloabder-20&linkCode=osi&th=1&psc=1"><img src="https://m.media-amazon.com/images/I/51edZTY6iEL._SL500_.jpg" alt="Product Image"></a><p>HelloTree SUV Cargo Liner for Dogs Waterproof Pet Cargo Cover Dog Seat Mat for SUVs Oxford Car SUV Seat Cover Trunk Protector for Vehicles Washable Dog Accessories</p><p> -15% 0FF </p><p>$19.54</p><a href="https://www.amazon.com/dp/B071JY9G2P?tag=eloabder-20&linkCode=osi&th=1&psc=1">View Product</a></div><div class="product"><a href="https://www.amazon.com/dp/B0DS5X7GYS?tag=eloabder-20&linkCode=osi&th=1&psc=1"><img src="https://m.media-amazon.com/images/I/41r6K3mRSiL._SL500_.jpg" alt="Product Image"></a><p>fidozen Universal Cargo Liner for SUV – Waterproof Dog Trunk Mat, Non-Slip Back Seat Protector, Car Bed Cover, Pet Barrier, Rear Liner Accessories for Trucks & Sedans, Universal Fit Trunk Cover</p><p> -13% 0FF </p><p>$19.99</p><a href="https://www.amazon.com/dp/B0DS5X7GYS?tag=eloabder-20&linkCode=osi&th=1&psc=1">View Product</a></div>
<div class="product"><a href="https://www.amazon.com/dp/B0FCCFR3FK?tag=eloabder-20&linkCode=osi&th=1&psc=1"><img src="https://m.media-amazon.com/images/I/51YvAjjXd1L._SL500_.jpg" alt="Product Image"></a><p>KoovDem 2-PCS Universal Metal Belt - Durable - Extenders Bag Quick Release Buckle for Replacement 14-Inch Belt Buckle</p><p> -18% 0FF </p><p>$22.99</p><a href="https://www.amazon.com/dp/B0FCCFR3FK?tag=eloabder-20&linkCode=osi&th=1&psc=1">View Product</a></div><div class="product"><a href="https://www.amazon.com/dp/B084P36HWT?tag=eloabder-20&linkCode=osi&th=1&psc=1"><img src="https://m.media-amazon.com/images/I/31IpG2p7-UL._SL500_.jpg" alt="Product Image"></a><p>RHOX SEAT-2000 Seat Belt 60" Length, 2" Width Golf carts</p><p> -11% 0FF </p><p>$31.24</p><a href="https://www.amazon.com/dp/B084P36HWT?tag=eloabder-20&linkCode=osi&th=1&psc=1">View Product</a></div><div class="product"><a href="https://www.amazon.com/dp/B09G6MQ4B3?tag=eloabder-20&linkCode=osi&th=1&psc=1"><img src="https://m.media-amazon.com/images/I/418T0z-MqtL._SL500_.jpg" alt="Product Image"></a><p>iLSKW Retractable 61" DOT Seat Belts Universal Seat Belts for Golf Cart EZGO TXT RXV, Yamaha, Club Car (1 Set Only)</p><p> -27% 0FF </p><p>$21.99</p><a href="https://www.amazon.com/dp/B09G6MQ4B3?tag=eloabder-20&linkCode=osi&th=1&psc=1">View Product</a></div>
<div class="product"><a href="https://www.amazon.com/dp/B07TKB5SWG?tag=eloabder-20&linkCode=osi&th=1&psc=1"><img src="https://m.media-amazon.com/images/I/31ZJD0uNA-L._SL500_.jpg" alt="Product Image"></a><p>SMART ELF Car Seat Protector, 2Pack Seat Protector Protect Child Seats with Thickest Padding and Non-Slip Backing Mesh Pockets for Baby and Pet,Sedan SUV Truck (Black)</p><p> -14% 0FF </p><p>$29.97</p><a href="https://www.amazon.com/dp/B07TKB5SWG?tag=eloabder-20&linkCode=osi&th=1&psc=1">View Product</a></div><div class="product"><a href="https://www.amazon.com/dp/B07JBQBVL6?tag=eloabder-20&linkCode=osi&th=1&psc=1"><img src="https://m.media-amazon.com/images/I/31PZj+OEfjL._SL500_.jpg" alt="Product Image"></a><p>Car Seat Protector for Baby Child Car Seats, Shynerk Auto Seat Cover Mat for Under Carseat to Protect Automotive Vehicle Leather and Cloth Upholstery - Waterproof and Dirt Resistant</p><p> -33% 0FF </p><p>$19.98</p><a href="https://www.amazon.com/dp/B07JBQBVL6?tag=eloabder-20&linkCode=osi&th=1&psc=1">View Product</a></div><div class="product"><a href="https://www.amazon.com/dp/B08JB3ZVB6?tag=eloabder-20&linkCode=osi&th=1&psc=1"><img src="https://m.media-amazon.com/images/I/41qltgLOhDL._SL500_.jpg" alt="Product Image"></a><p>Meolsaek Car Seat Protector, Non-Slip Backing Will Not Leave Imprint, Waterproof Thicker Car Seat Cover for SUV, Sedan, Truck, Leather Seat Protector (Gray Black)</p><p> -34% 0FF </p><p>$20.99 ($10.50 / Count)</p><a href="https://www.amazon.com/dp/B08JB3ZVB6?tag=eloabder-20&linkCode=osi&th=1&psc=1">View Product</a></div><div class="product"><a href="https://www.amazon.com/dp/B0897YND6W?tag=eloabder-20&linkCode=osi&th=1&psc=1"><img src="https://m.media-amazon.com/images/I/51FxXsg55IL._SL500_.jpg" alt="Product Image"></a><p>Helteko Carseat Protector with Thickest Padding, 2 Pack Auto Seat Pad from Waterproof & Stain Resistant for Child Baby , Kick Mat Material for Leather and Fabric Seat</p><p> -19% 0FF </p><p>$28.99</p><a href="https://www.amazon.com/dp/B0897YND6W?tag=eloabder-20&linkCode=osi&th=1&psc=1">View Product</a></div><div class="product"><a href="https://www.amazon.com/dp/B00B7M7CLA?tag=eloabder-20&linkCode=osi&th=1&psc=1"><img src="https://m.media-amazon.com/images/I/31Fd5Ue510L._SL500_.jpg" alt="Product Image"></a><p>Munchkin® Back Seat Cover for Kids, Deluxe Kick Mats™ Car Seat Protector, Black, 2 Pack</p><p> -20% 0FF </p><p>$15.19</p><a href="https://www.amazon.com/dp/B00B7M7CLA?tag=eloabder-20&linkCode=osi&th=1&psc=1">View Product</a></div><div class="product"><a href="https://www.amazon.com/dp/B0BX36GGDS?tag=eloabder-20&linkCode=osi&th=1&psc=1"><img src="https://m.media-amazon.com/images/I/51oHk8LVt7L._SL500_.jpg" alt="Product Image"></a><p>Skechers Memory Foam Leather Car Seat Covers, Air Cool Mesh Thick Seat Covers, Slip-ins Front seat Cover, Airbag Compatible, Automotive Comfort for Most Cars, Vans, Trucks, SUV,Black</p><p> -29% 0FF </p><p>$40.01</p><a href="https://www.amazon.com/dp/B0BX36GGDS?tag=eloabder-20&linkCode=osi&th=1&psc=1">View Product</a></div>
<div class="product"><a href="https://www.amazon.com/dp/B000VAKXVA?tag=eloabder-20&linkCode=osi&th=1&psc=1"><img src="https://m.media-amazon.com/images/I/511Rv7cB1qL._SL500_.jpg" alt="Product Image"></a><p>Security Chain Company SC1032 Radial Chain Cable Traction Tire Chain - Set of 2</p><p> -24% 0FF </p><p>$35.07</p><a href="https://www.amazon.com/dp/B000VAKXVA?tag=eloabder-20&linkCode=osi&th=1&psc=1">View Product</a></div><div class="product"><a href="https://www.amazon.com/dp/B000HZFDPU?tag=eloabder-20&linkCode=osi&th=1&psc=1"><img src="https://m.media-amazon.com/images/I/51Bo-7auJlL._SL500_.jpg" alt="Product Image"></a><p>SCC SZ143 Super Z6 Cable Tire Chain for Passenger Cars, Pickups, and SUVs - Set of 2</p><p> -16% 0FF </p><p>$75.51</p><a href="https://www.amazon.com/dp/B000HZFDPU?tag=eloabder-20&linkCode=osi&th=1&psc=1">View Product</a></div><div class="product"><a href="https://www.amazon.com/dp/B0CLH6H3C8?tag=eloabder-20&linkCode=osi&th=1&psc=1"><img src="https://m.media-amazon.com/images/I/51ufxX-WxIL._SL500_.jpg" alt="Product Image"></a><p>Snow Chains for Car 6 Pack, Emergency Anti Slip Chains for SUV/Trucks/ATV, Adjustable Universal Winter Security Chains for Ice Snow Mud Sand, Easy Installation, Tires Width 6.5-10.8"/165-275mm</p><p> -10% 0FF </p><p>$35.99</p><a href="https://www.amazon.com/dp/B0CLH6H3C8?tag=eloabder-20&linkCode=osi&th=1&psc=1">View Product</a></div><div class="product"><a href="https://www.amazon.com/dp/B0DKFZYNT4?tag=eloabder-20&linkCode=osi&th=1&psc=1"><img src="https://m.media-amazon.com/images/I/51Xg2NHnT2L._SL500_.jpg" alt="Product Image"></a><p>KYX Tire Chains for Car/SUV/Pickup Truks, Adjustable Universal Emergency Snow Chains for Tire, 8.7-11.1 inch, 8 Pcs,</p><p> -39% 0FF </p><p>$49.99</p><a href="https://www.amazon.com/dp/B0DKFZYNT4?tag=eloabder-20&linkCode=osi&th=1&psc=1">View Product</a></div>
<div class="product"><a href="https://www.amazon.com/dp/B01KIFISX2?tag=eloabder-20&linkCode=osi&th=1&psc=1"><img src="https://m.media-amazon.com/images/I/417UJ6FeU5L._SL500_.jpg" alt="Product Image"></a><p>EcoNour Patented Design for Car Windshield Sun Shade | Blocks 99% Heat and Keep Interior Cool | Fits Cars, SUV, Truck | Automotive Sun Screen,Visor and Summer Vehicle Accessories | Medium (64x32)</p><p> -36% 0FF </p><p>$15.99</p><a href="https://www.amazon.com/dp/B01KIFISX2?tag=eloabder-20&linkCode=osi&th=1&psc=1">View Product</a></div><div class="product"><a href="https://www.amazon.com/dp/B0CR6B5BVK?tag=eloabder-20&linkCode=osi&th=1&psc=1"><img src="https://m.media-amazon.com/images/I/41cCJEg8eQL._SL500_.jpg" alt="Product Image"></a><p>Autovir Foldable Windshield Sun Shade for Car – 240T Reflective UV and Heat Shield with Storage Bag | Keeps Interior Cool | Universal Fit for Sedans, SUVs, and Trucks – Medium (64" x 32")</p><p> -44% 0FF </p><p>$9.99</p><a href="https://www.amazon.com/dp/B0CR6B5BVK?tag=eloabder-20&linkCode=osi&th=1&psc=1">View Product</a></div><div class="product"><a href="https://www.amazon.com/dp/B08SHCN2WF?tag=eloabder-20&linkCode=osi&th=1&psc=1"><img src="https://m.media-amazon.com/images/I/51LWD9uvTEL._SL500_.jpg" alt="Product Image"></a><p>Ontel Brella Shield by Arctic Air, Car Windshield Sun Shade, One-Size (31x57"), As Seen on TV</p><p> -40% 0FF </p><p>$11.90</p><a href="https://www.amazon.com/dp/B08SHCN2WF?tag=eloabder-20&linkCode=osi&th=1&psc=1">View Product</a></div><div class="product"><a href="https://www.amazon.com/dp/B09DJYP623?tag=eloabder-20&linkCode=osi&th=1&psc=1"><img src="https://m.media-amazon.com/images/I/31zzyt2WMDL._SL500_.jpg" alt="Product Image"></a><p>Windshield Snow Cover for Cars, Trucks, Vans - Waterproof, Windproof Winter Frost and Ice Removal Sunshade With Side Mirror Covers</p><p> -40% 0FF </p><p>$10.79</p><a href="https://www.amazon.com/dp/B09DJYP623?tag=eloabder-20&linkCode=osi&th=1&psc=1">View Product</a></div><div class="product"><a href="https://www.amazon.com/dp/B01JAP2M2O?tag=eloabder-20&linkCode=osi&th=1&psc=1"><img src="https://m.media-amazon.com/images/I/41+4Eg0+75L._SL500_.jpg" alt="Product Image"></a><p>Car Windshield Sun Shade - Foldable Reflective Sun Visor for Cars, SUVs, Trucks, and Vehicles | Heat Blocking Sunshade to Keep Interior Cool | Summer Automotive Accessories</p><p> -25% 0FF </p><p>$4.50</p><a href="https://www.amazon.com/dp/B01JAP2M2O?tag=eloabder-20&linkCode=osi&th=1&psc=1">View Product</a></div>
<div class="product"><a href="https://www.amazon.com/dp/B08V5KYVHS?tag=eloabder-20&linkCode=osi&th=1&psc=1"><img src="https://m.media-amazon.com/images/I/41Azr0Ix27L._SL500_.jpg" alt="Product Image"></a><p>GORDITA SUV Waterproof Car Covers for Automobiles All Weather Season UV Protection Snowproof Outdoor Full Cover Universal Fit SUV Up to 190’’</p><p> -20% 0FF </p><p>$31.98</p><a href="https://www.amazon.com/dp/B08V5KYVHS?tag=eloabder-20&linkCode=osi&th=1&psc=1">View Product</a></div><div class="product"><a href="https://www.amazon.com/dp/B000ALG86E?tag=eloabder-20&linkCode=osi&th=1&psc=1"><img src="https://m.media-amazon.com/images/I/31FzCVKNAqL._SL500_.jpg" alt="Product Image"></a><p>Budge Lite Car Cover Dirtproof, Scratch Resistant, Breathable, Dustproof, Car Cover Fits Sedans up to 200", Gray</p><p> -38% 0FF </p><p>$25.95</p><a href="https://www.amazon.com/dp/B000ALG86E?tag=eloabder-20&linkCode=osi&th=1&psc=1">View Product</a></div><div class="product"><a href="https://www.amazon.com/dp/B08BNHV8Z4?tag=eloabder-20&linkCode=osi&th=1&psc=1"><img src="https://m.media-amazon.com/images/I/31fZZtayFEL._SL500_.jpg" alt="Product Image"></a><p>MORNYRAY Waterproof Car Cover All Weather Snowproof UV Protection Windproof Outdoor Full car Cover, Universal Fit for Sedan (Fit Sedan Length 194-206 inch, Blue)</p><p> -5% 0FF </p><p>$26.91</p><a href="https://www.amazon.com/dp/B08BNHV8Z4?tag=eloabder-20&linkCode=osi&th=1&psc=1">View Product</a></div><div class="product"><a href="https://www.amazon.com/dp/B0749LSSSS?tag=eloabder-20&linkCode=osi&th=1&psc=1"><img src="https://m.media-amazon.com/images/I/31DuVy4whfL._SL500_.jpg" alt="Product Image"></a><p>Kayme 6 Layers Car Cover Waterproof All Weather for Automobiles, Outdoor Full Cover Rain Sun UV Protection with Zipper Cotton, Universal Fit for Sedan (178-185 inch)</p><p> -6% 0FF </p><p>$65.96</p><a href="https://www.amazon.com/dp/B0749LSSSS?tag=eloabder-20&linkCode=osi&th=1&psc=1">View Product</a></div><div class="product"><a href="https://www.amazon.com/dp/B09TQJDSMK?tag=eloabder-20&linkCode=osi&th=1&psc=1"><img src="https://m.media-amazon.com/images/I/31OTP9GC44L._SL500_.jpg" alt="Product Image"></a><p>Avecrew Car Cover Waterproof All Weather for Automobiles, Outdoor Heavy Duty Full Exterior Covers for Sedan(194"-208")</p><p> -6% 0FF </p><p>$32.99</p><a href="https://www.amazon.com/dp/B09TQJDSMK?tag=eloabder-20&linkCode=osi&th=1&psc=1">View Product</a></div>

<div class="product"><a href="https://www.amazon.com/dp/B004HCS4NW?tag=eloabder-20&linkCode=osi&th=1&psc=1"><img src="https://m.media-amazon.com/images/I/41j5b6xRqNL._SL500_.jpg" alt="Product Image"></a><p>Meguiar's G2016 Convertible Top Cleaner, 16 Fluid Ounces, Units per Each</p><p> -31% 0FF </p><p>$8.28 ($0.52 / Fl Oz)</p><a href="https://www.amazon.com/dp/B004HCS4NW?tag=eloabder-20&linkCode=osi&th=1&psc=1">View Product</a></div><div class="product"><a href="https://www.amazon.com/dp/B0BS42VY2N?tag=eloabder-20&linkCode=osi&th=1&psc=1"><img src="https://m.media-amazon.com/images/I/4179SVWrunL._SL500_.jpg" alt="Product Image"></a><p>A-Premium Black Convertible Soft Top Compatible with Ford Mustang 2005-2014, Convertible, with Glass Window</p><p> -12% 0FF </p><p>$309.99</p><a href="https://www.amazon.com/dp/B0BS42VY2N?tag=eloabder-20&linkCode=osi&th=1&psc=1">View Product</a></div>
<div class="product"><a href="https://www.amazon.com/dp/B00029CYRG?tag=eloabder-20&linkCode=osi&th=1&psc=1"><img src="https://m.media-amazon.com/images/I/41Hnigm4E8L._SL500_.jpg" alt="Product Image"></a><p>Meguiar's M6732 Marine/RV One Step Compound, Remove Oxidation, Stains, Scratches, and Water Spots, Restore The Color and Shine of Fiberglass Gel Coat Finishes, 32 Oz Bottle</p><p> -10% 0FF </p><p>$19.62 ($0.61 / Fl Oz)</p><a href="https://www.amazon.com/dp/B00029CYRG?tag=eloabder-20&linkCode=osi&th=1&psc=1">View Product</a></div><div class="product"><a href="https://www.amazon.com/dp/B0007TR47G?tag=eloabder-20&linkCode=osi&th=1&psc=1"><img src="https://m.media-amazon.com/images/I/41TJAH5y4lL._SL500_.jpg" alt="Product Image"></a><p>Meguiar's M6332 Flagship Premium Marine Wax, Easy to Use Boat Polish and Wax, Remove Scratches, Swirls, and Oxidation While Leaving Lasting Protection, 32 Oz Bottle</p><p> -30% 0FF </p><p>$24.96</p><a href="https://www.amazon.com/dp/B0007TR47G?tag=eloabder-20&linkCode=osi&th=1&psc=1">View Product</a></div><div class="product"><a href="https://www.amazon.com/dp/B001GXDWGO?tag=eloabder-20&linkCode=osi&th=1&psc=1"><img src="https://m.media-amazon.com/images/I/41Gisw5b70L._SL500_.jpg" alt="Product Image"></a><p>Hardline Products Series 350 Factory Matched 3-Inch Boat & PWC Registration Number Kit, Solid Black - BLK350EC</p><p> -6% 0FF </p><p>$12.10</p><a href="https://www.amazon.com/dp/B001GXDWGO?tag=eloabder-20&linkCode=osi&th=1&psc=1">View Product</a></div><div class="product"><a href="https://www.amazon.com/dp/B0000AY4YT?tag=eloabder-20&linkCode=osi&th=1&psc=1"><img src="https://m.media-amazon.com/images/I/51Dl0tlwnQL._SL500_.jpg" alt="Product Image"></a><p>Meguiar's M4965 Marine/RV Fiberglass Restoration System, 3-Piece Marine Fiberglass Repair Kit Featuring Oxidation Remover for Boat Care Plus Boat Polish and Wax</p><p> -35% 0FF </p><p>$34.63</p><a href="https://www.amazon.com/dp/B0000AY4YT?tag=eloabder-20&linkCode=osi&th=1&psc=1">View Product</a></div>

<div class="product"><a href="https://www.amazon.com/dp/B000MT94QA?tag=eloabder-20&linkCode=osi&th=1&psc=1"><img src="https://m.media-amazon.com/images/I/41j+V11HWVL._SL500_.jpg" alt="Product Image"></a><p>Scepter Duramax Flo ’N Go 14 Gallon (53 Liter) Fueling Station, Portable Gas Caddy and Fuel Transfer Pump with 10-Foot Hose for Lawn Mower, Farm, Marine, Commercial, and Home Use, Gasoline Only, Red</p><p> -8% 0FF </p><p>$141.99</p><a href="https://www.amazon.com/dp/B000MT94QA?tag=eloabder-20&linkCode=osi&th=1&psc=1">View Product</a></div><div class="product"><a href="https://www.amazon.com/dp/B001HVJKSY?tag=eloabder-20&linkCode=osi&th=1&psc=1"><img src="https://m.media-amazon.com/images/I/41yrThZv51L._SL500_.jpg" alt="Product Image"></a><p>RDS MFG INC 72771 Fuel Tank</p><p> -9% 0FF </p><p>$758.78</p><a href="https://www.amazon.com/dp/B001HVJKSY?tag=eloabder-20&linkCode=osi&th=1&psc=1">View Product</a></div>



<div class="product"><a href="https://www.amazon.com/dp/B098WVKF19?tag=eloabder-20&linkCode=osi&th=1&psc=1"><img src="https://m.media-amazon.com/images/I/41IK3vBCYyL._SL500_.jpg" alt="Product Image"></a><p>REDTIGER Dash Cam Front Rear, 4K/2.5K Full HD Dash Camera for Cars, Included 32GB Card, Built-in Wi-Fi GPS, APP Control, 3.18" IPS Screen, Night Vision, Wide Angle, WDR, 24H Parking Mode(F7NP)</p><p> -55% 0FF </p><p>$89.99</p><a href="https://www.amazon.com/dp/B098WVKF19?tag=eloabder-20&linkCode=osi&th=1&psc=1">View Product</a></div><div class="product"><a href="https://www.amazon.com/dp/B0D6J5B98H?tag=eloabder-20&linkCode=osi&th=1&psc=1"><img src="https://m.media-amazon.com/images/I/51SmyQooLuL._SL500_.jpg" alt="Product Image"></a><p>ROVE R2-4K DUAL Dash Cam Front and Rear, STARVIS 2 Sensor, FREE 128GB Card Included, 5G WiFi - up to 20MB/s Fastest Download Speed with App, 4K 2160P/FHD Dash Camera for Cars, 3" IPS, 24H Parking Mode</p><p> -35% 0FF </p><p>$129.99</p><a href="https://www.amazon.com/dp/B0D6J5B98H?tag=eloabder-20&linkCode=osi&th=1&psc=1">View Product</a></div><div class="product"><a href="https://www.amazon.com/dp/B0CKXMKRCS?tag=eloabder-20&linkCode=osi&th=1&psc=1"><img src="https://m.media-amazon.com/images/I/51V46zR7lIL._SL500_.jpg" alt="Product Image"></a><p>Dash Cam WiFi 2K, Car Camera with APP, Front Dash Camera for Cars, Mini Dashcams with WDR Night Vision, 24 Hours Parking Monitor, Loop Recording, G-Sensor</p><p> -33% 0FF </p><p>$39.98</p><a href="https://www.amazon.com/dp/B0CKXMKRCS?tag=eloabder-20&linkCode=osi&th=1&psc=1">View Product</a></div><div class="product"><a href="https://www.amazon.com/dp/B0C2Y6WXJ7?tag=eloabder-20&linkCode=osi&th=1&psc=1"><img src="https://m.media-amazon.com/images/I/51osSkFBZDL._SL500_.jpg" alt="Product Image"></a><p>Dash Cam Front and Rear, 1080P Dash Camera for Cars, 3 Channel Car Camera Front Rear and Inside with 32GB Card, Loop Recording, Night Vision, HDR, G-Sensor, 24Hr Parking</p><p> -14% 0FF </p><p>$59.99</p><a href="https://www.amazon.com/dp/B0C2Y6WXJ7?tag=eloabder-20&linkCode=osi&th=1&psc=1">View Product</a></div><div class="product"><a href="https://www.amazon.com/dp/B0C6YBHKJ5?tag=eloabder-20&linkCode=osi&th=1&psc=1"><img src="https://m.media-amazon.com/images/I/51ktc2240CL._SL500_.jpg" alt="Product Image"></a><p>REDTIGER 4K Dash Cam Front and Rear, STARVIS 2 Sensor, Touch Screen 3.18", 128GB Card Included, Voice Control, 5.8GHz WiFi Car Dash Camera, GPS, Night Vision, Emergency Lock, Parking Mode (F7N Touch)</p><p> -25% 0FF </p><p>$149.99</p><a href="https://www.amazon.com/dp/B0C6YBHKJ5?tag=eloabder-20&linkCode=osi&th=1&psc=1">View Product</a></div><div class="product"><a href="https://www.amazon.com/dp/B0BKF6XQVY?tag=eloabder-20&linkCode=osi&th=1&psc=1"><img src="https://m.media-amazon.com/images/I/41kQ6r03ocL._SL500_.jpg" alt="Product Image"></a><p>ARIFAYZ Dash Cam Front and Rear 4K+1080P, Free 64GB Card, Built-in WiFi, Dash Camera for Cars, Car Camera, Dual Dashcams for Cars with Night Vision, 24 Hours Parking Monitor, Loop Recording</p><p> -10% 0FF </p><p>$89.99</p><a href="https://www.amazon.com/dp/B0BKF6XQVY?tag=eloabder-20&linkCode=osi&th=1&psc=1">View Product</a></div>
<div class="product"><a href="https://www.amazon.com/dp/B07LF7YBNF?tag=eloabder-20&linkCode=osi&th=1&psc=1"><img src="https://m.media-amazon.com/images/I/514tDraUiKL._SL500_.jpg" alt="Product Image"></a><p>BANVIE Car Alarm System, Security Antitheft Alarm Systems with Keyless Entry, with Microwave Sensor & Shock Sensor</p><p> -11% 0FF </p><p>$32.99</p><a href="https://www.amazon.com/dp/B07LF7YBNF?tag=eloabder-20&linkCode=osi&th=1&psc=1">View Product</a></div>
<div class="product"><a href="https://www.amazon.com/dp/B07FT6R38V?tag=eloabder-20&linkCode=osi&th=1&psc=1"><img src="https://m.media-amazon.com/images/I/51PS4hJmevL._SL500_.jpg" alt="Product Image"></a><p>LIANXIN Roadside Assistance Emergency Kit - Car Emergency Kit with Jumper Cables (Upgraded) Emergency Roadside Kit for Car 142 Pieces Car Safety Kits,Tow Strap,Tool Kit,Reflective Warning Triangle</p><p> -5% 0FF </p><p>$39.99</p><a href="https://www.amazon.com/dp/B07FT6R38V?tag=eloabder-20&linkCode=osi&th=1&psc=1">View Product</a></div><div class="product"><a href="https://www.amazon.com/dp/B07BR7Q4RG?tag=eloabder-20&linkCode=osi&th=1&psc=1"><img src="https://m.media-amazon.com/images/I/51wT7DxPZ-L._SL500_.jpg" alt="Product Image"></a><p>STDY Car Roadside Emergency Kit, Vehicle Truck Safety Road Side Assistance Kits Auto Accessory, with Jumper Cables, First Aid Kit, Tow Rope, Reflective Triangle, Tire Pressure Gauge, etc</p><p> -36% 0FF </p><p>$34.99</p><a href="https://www.amazon.com/dp/B07BR7Q4RG?tag=eloabder-20&linkCode=osi&th=1&psc=1">View Product</a></div><div class="product"><a href="https://www.amazon.com/dp/B08RS888RH?tag=eloabder-20&linkCode=osi&th=1&psc=1"><img src="https://m.media-amazon.com/images/I/511WieELkPL._SL500_.jpg" alt="Product Image"></a><p>Vetoos Car Roadside Emergency Kit with Jumper Cables, Auto Vehicle Safety Road Side Assistance Kits, Winter Car Kit Essentials for Women and Men, with Car Repair Tool Set, Folding Survival Shovel</p><p> -33% 0FF </p><p>$39.99</p><a href="https://www.amazon.com/dp/B08RS888RH?tag=eloabder-20&linkCode=osi&th=1&psc=1">View Product</a></div><div class="product"><a href="https://www.amazon.com/dp/B086ZZ145D?tag=eloabder-20&linkCode=osi&th=1&psc=1"><img src="https://m.media-amazon.com/images/I/517daXfVHHL._SL500_.jpg" alt="Product Image"></a><p>Vetoos Roadside Emergency Car Kit with Jumper Cables, Auto Vehicle Safety Road Side Assistance Kit Essentials, Winter Car Kit for Women and Men, with Mini Car Tool Set, Dial Tire Pressure Gauge</p><p> -30% 0FF </p><p>$34.99</p><a href="https://www.amazon.com/dp/B086ZZ145D?tag=eloabder-20&linkCode=osi&th=1&psc=1">View Product</a></div><div class="product"><a href="https://www.amazon.com/dp/B09QXJF7C5?tag=eloabder-20&linkCode=osi&th=1&psc=1"><img src="https://m.media-amazon.com/images/I/51Mvi43rtIL._SL500_.jpg" alt="Product Image"></a><p>WETBAS Car Roadside Emergency Kit, Auto Vehicle Safety Emergency Road Side Assistance Kits Essentials, Solenoid Starter Repair Kit with Jumper Cables, Safety Hammer, Reflective Warning Triangle</p><p> -36% 0FF </p><p>$34.98</p><a href="https://www.amazon.com/dp/B09QXJF7C5?tag=eloabder-20&linkCode=osi&th=1&psc=1">View Product</a></div>

<div class="product"><a href="https://www.amazon.com/dp/B0DH1TN5BW?tag=eloabder-20&linkCode=osi&th=1&psc=1"><img src="https://m.media-amazon.com/images/I/411obZQLkyL._SL500_.jpg" alt="Product Image"></a><p>Miroddi Keychain with Smart Tracker, Men's Keychain Works with Find My App, Heavy Duty Car Key Chains with Bottle Opener Fob Carabiner, Key Finder GPS Tracker, Rechargeable, Gunmetal</p><p> -10% 0FF </p><p>$29.69</p><a href="https://www.amazon.com/dp/B0DH1TN5BW?tag=eloabder-20&linkCode=osi&th=1&psc=1">View Product</a></div><div class="product"><a href="https://www.amazon.com/dp/B09XM96H87?tag=eloabder-20&linkCode=osi&th=1&psc=1"><img src="https://m.media-amazon.com/images/I/41Fo2NZJx5L._SL500_.jpg" alt="Product Image"></a><p>SinoTrack Digital GPS Speedometer Universal Heads Up Display for Car 5.5 inch Large LCD Display HUD with MPH Speed Fatigued Driving Alert Overspeed Alarm Trip Meter for All Vehicle</p><p> -9% 0FF </p><p>$29.98</p><a href="https://www.amazon.com/dp/B09XM96H87?tag=eloabder-20&linkCode=osi&th=1&psc=1">View Product</a></div><div class="product"><a href="https://www.amazon.com/dp/B0DLBDTFL7?tag=eloabder-20&linkCode=osi&th=1&psc=1"><img src="https://m.media-amazon.com/images/I/41NGzpkL0sL._SL500_.jpg" alt="Product Image"></a><p>GPS Navigator for Car Truck RV, Latest 2025 Map, 7 inch Touch Screen Real Voice Spoken Turn-by-Turn Direction Reminding Navigation System for Cars, Vehicle GPS with Speed and Red Light Warning (Blue)</p><p> -19% 0FF </p><p>$56.99</p><a href="https://www.amazon.com/dp/B0DLBDTFL7?tag=eloabder-20&linkCode=osi&th=1&psc=1">View Product</a></div><div class="product"><a href="https://www.amazon.com/dp/B0B5M53F92?tag=eloabder-20&linkCode=osi&th=1&psc=1"><img src="https://m.media-amazon.com/images/I/41jXjmrwkOL._SL500_.jpg" alt="Product Image"></a><p>Premium GPS Tracking Sticker for car, Bike, Motorcycle Anti-Theft Stickers This Vehicle Protected by Warning Tracker Sticker Decal Self Adhesive Sign 4" x 2" Vinyl — UV Resistent (Pack of 2)</p><p> -15% 0FF </p><p>$4.99 ($2.50 / Count)</p><a href="https://www.amazon.com/dp/B0B5M53F92?tag=eloabder-20&linkCode=osi&th=1&psc=1">View Product</a></div>
<div class="product"><a href="https://www.amazon.com/dp/B083GHXFTJ?tag=eloabder-20&linkCode=osi&th=1&psc=1"><img src="https://m.media-amazon.com/images/I/51YLCVtIhJL._SL500_.jpg" alt="Product Image"></a><p>Winzwon Interior Led Lights for Car Accessories for Women Men, Birthday Gifts for Men Him, APP Control with USB Port Music Sync Color Change Lights for Jeep Truck Decor, 12V</p><p> -23% 0FF </p><p>$9.99 ($2.50 / Count)</p><a href="https://www.amazon.com/dp/B083GHXFTJ?tag=eloabder-20&linkCode=osi&th=1&psc=1">View Product</a></div><div class="product"><a href="https://www.amazon.com/dp/B08F9PF2Y5?tag=eloabder-20&linkCode=osi&th=1&psc=1"><img src="https://m.media-amazon.com/images/I/51erdB7xL4L._SL500_.jpg" alt="Product Image"></a><p>Interior Car LED Strip Lights APP Control, 5 in 1 RGB 16 Million Colors Ambient Lighting Kit with 236 inches Fiber Optic, Music Mode Inside Car Lighting Decorations</p><p> -5% 0FF </p><p>$20.88</p><a href="https://www.amazon.com/dp/B08F9PF2Y5?tag=eloabder-20&linkCode=osi&th=1&psc=1">View Product</a></div><div class="product"><a href="https://www.amazon.com/dp/B097CB5WXB?tag=eloabder-20&linkCode=osi&th=1&psc=1"><img src="https://m.media-amazon.com/images/I/51T-wkU4nKL._SL500_.jpg" alt="Product Image"></a><p>Interior Car Lights Keepsmile Car Accessories APP Control with Remote Music Sync Color Change RGB Under Dash Lighting with Charger 12V LED Lights Running Board Lights</p><p> -20% 0FF </p><p>$15.99</p><a href="https://www.amazon.com/dp/B097CB5WXB?tag=eloabder-20&linkCode=osi&th=1&psc=1">View Product</a></div>
<div class="product"><a href="https://www.amazon.com/dp/B0CDBQT23P?tag=eloabder-20&linkCode=osi&th=1&psc=1"><img src="https://m.media-amazon.com/images/I/41+xWbXza3L._SL500_.jpg" alt="Product Image"></a><p>AUXITO 9005/HB3 H11/H8/H9 LED Bulbs Combo, 50000LM Bright 6500K Cool White, 120W Fanless Light Bulbs, Pack of 4</p><p> -22% 0FF </p><p>$69.98</p><a href="https://www.amazon.com/dp/B0CDBQT23P?tag=eloabder-20&linkCode=osi&th=1&psc=1">View Product</a></div><div class="product"><a href="https://www.amazon.com/dp/B0D1YGCQH1?tag=eloabder-20&linkCode=osi&th=1&psc=1"><img src="https://m.media-amazon.com/images/I/51Q44nlhKJL._SL500_.jpg" alt="Product Image"></a><p>Marsauto M1S 9005/HB3 H11/H8/H9 Light Bulbs Combo, 800% Super Brighter H11 9005 Bulbs or Fog, 6000K HB3 H9 Cool White, 3 Min Plug and Play Lights Combo, IP68, Pack of 4</p><p> -35% 0FF </p><p>$45.59 ($11.40 / Count)</p><a href="https://www.amazon.com/dp/B0D1YGCQH1?tag=eloabder-20&linkCode=osi&th=1&psc=1">View Product</a></div><div class="product"><a href="https://www.amazon.com/dp/B0F4CZ32P6?tag=eloabder-20&linkCode=osi&th=1&psc=1"><img src="https://m.media-amazon.com/images/I/41-t621Z4+L._SL500_.jpg" alt="Product Image"></a><p>AUTOONE Upgraded H7/H7LL LED Light Bulb, Super Bright Real 1:1 Halogen Mini Size, 10-Year Extended Lifespan, 6500K White Illumination for Automotive Fog Lights, Plug and Play, Pack of 2</p><p> -8% 0FF </p><p>$36.99 ($18.50 / Count)</p><a href="https://www.amazon.com/dp/B0F4CZ32P6?tag=eloabder-20&linkCode=osi&th=1&psc=1">View Product</a></div>
<div class="product"><a href="https://www.amazon.com/dp/B08BHN2NN1?tag=eloabder-20&linkCode=osi&th=1&psc=1"><img src="https://m.media-amazon.com/images/I/41ddySbPN-L._SL500_.jpg" alt="Product Image"></a><p>EMITHSUN OEM QUALITY 26" + 16" Premium All-Seasons Stable And Quiet Windshield Wiper Blades(Set of 2)</p><p> -15% 0FF </p><p>$16.99</p><a href="https://www.amazon.com/dp/B08BHN2NN1?tag=eloabder-20&linkCode=osi&th=1&psc=1">View Product</a></div><div class="product"><a href="https://www.amazon.com/dp/B08MF13665?tag=eloabder-20&linkCode=osi&th=1&psc=1"><img src="https://m.media-amazon.com/images/I/51I-r5q796L._SL500_.jpg" alt="Product Image"></a><p>AUTOBOO 26" and 18" Windshield Wipers Blades (Pack Of 2),OEM Quality Premium All-Seasons Wiper blades,Stable and Quiet Armor wiper blades</p><p> -20% 0FF </p><p>$15.98</p><a href="https://www.amazon.com/dp/B08MF13665?tag=eloabder-20&linkCode=osi&th=1&psc=1">View Product</a></div><div class="product"><a href="https://www.amazon.com/dp/B088RJ168L?tag=eloabder-20&linkCode=osi&th=1&psc=1"><img src="https://m.media-amazon.com/images/I/410IqJ2r+hL._SL500_.jpg" alt="Product Image"></a><p>OEM QUALITY 26" + 19" PARRATI Premium All-Season Windshield Wiper Blades (Set of 2)</p><p> -13% 0FF </p><p>$17.39</p><a href="https://www.amazon.com/dp/B088RJ168L?tag=eloabder-20&linkCode=osi&th=1&psc=1">View Product</a></div><div class="product"><a href="https://www.amazon.com/dp/B0BHTHFTJH?tag=eloabder-20&linkCode=osi&th=1&psc=1"><img src="https://m.media-amazon.com/images/I/41CZndsAdkL._SL500_.jpg" alt="Product Image"></a><p>Wenyant 28"+28" Compatible with Ford Edge 2020-2015 Escape 2019-2013 Focus 2018-2012 Fusion 2019-2013 Front Windshield Wiper Blades for My Car Original Equipment Automotive Replacement (Set of 2)</p><p> -10% 0FF </p><p>$17.99</p><a href="https://www.amazon.com/dp/B0BHTHFTJH?tag=eloabder-20&linkCode=osi&th=1&psc=1">View Product</a></div>
<div class="product"><a href="https://www.amazon.com/dp/B098SCL6WY?tag=eloabder-20&linkCode=osi&th=1&psc=1"><img src="https://m.media-amazon.com/images/I/413q5T98ohL._SL500_.jpg" alt="Product Image"></a><p>Car Rooftop Cargo Carrier - 21 Cubic Feet, 100% Waterproof Heavy Duty 840D Car Roof Bag for All Vehicles with/Without Racks - Anti-Slip Mat, 6 Door Hooks, Storage Bag, 2 Extra Straps</p><p> -23% 0FF </p><p>$99.99</p><a href="https://www.amazon.com/dp/B098SCL6WY?tag=eloabder-20&linkCode=osi&th=1&psc=1">View Product</a></div><div class="product"><a href="https://www.amazon.com/dp/B083T53K3P?tag=eloabder-20&linkCode=osi&th=1&psc=1"><img src="https://m.media-amazon.com/images/I/31a-GM0ujxL._SL500_.jpg" alt="Product Image"></a><p>Amazon Basics Cross Rail Roof Rack, 52 inches, Fits up to 46" Spans between Raised Side Rails with Gap, Pack of 2, Black/Silver</p><p> -8% 0FF </p><p>$53.99</p><a href="https://www.amazon.com/dp/B083T53K3P?tag=eloabder-20&linkCode=osi&th=1&psc=1">View Product</a></div><div class="product"><a href="https://www.amazon.com/dp/B0DHVGLZHS?tag=eloabder-20&linkCode=osi&th=1&psc=1"><img src="https://m.media-amazon.com/images/I/31S6dp9t7gL._SL500_.jpg" alt="Product Image"></a><p>VEVOR Universal Roof Rack Cross Bars, 41.3" Aluminum Roof Rack with 155 lbs Load Capacity, Adjustable Roof Crossbars with Locks, fit Cars Without Side Rail, for SUVs, Sedans, and Vans</p><p> -13% 0FF </p><p>$53.99</p><a href="https://www.amazon.com/dp/B0DHVGLZHS?tag=eloabder-20&linkCode=osi&th=1&psc=1">View Product</a></div>
<div class="product"><a href="https://www.amazon.com/dp/B000AAYBSW?tag=eloabder-20&linkCode=osi&th=1&psc=1"><img src="https://m.media-amazon.com/images/I/41YERSWqFDL._SL500_.jpg" alt="Product Image"></a><p>BELL Double Back Two-Bike Trunk Rack</p><p> -41% 0FF </p><p>$47.99</p><a href="https://www.amazon.com/dp/B000AAYBSW?tag=eloabder-20&linkCode=osi&th=1&psc=1">View Product</a></div>
<div class="product"><a href="https://www.amazon.com/dp/B0CZP1HLSW?tag=eloabder-20&linkCode=osi&th=1&psc=1"><img src="https://m.media-amazon.com/images/I/31MJck4XJeL._SL500_.jpg" alt="Product Image"></a><p>Asinking Car Rooftop Cargo Carrier Bag - 100% Waterproof Heavy Duty Car Roof Luggage Carrier 21 Cubic Feet, Fits All Vehicles with/Without Roof Rack - Easy Install & Triply Reinforced for Secure Use</p><p> -57% 0FF </p><p>$59.97</p><a href="https://www.amazon.com/dp/B0CZP1HLSW?tag=eloabder-20&linkCode=osi&th=1&psc=1">View Product</a></div><div class="product"><a href="https://www.amazon.com/dp/B07P72DV84?tag=eloabder-20&linkCode=osi&th=1&psc=1"><img src="https://m.media-amazon.com/images/I/51kqBbI1pAL._SL500_.jpg" alt="Product Image"></a><p>OKLEAD 500 Lbs Heavy Duty Hitch Mount Cargo Carrier 60" x 24" x 14.4" Folding Cargo Rack Rear Luggage Basket Fits 2" Receiver for Car SUV Camping Traveling</p><p> -12% 0FF </p><p>$229.99</p><a href="https://www.amazon.com/dp/B07P72DV84?tag=eloabder-20&linkCode=osi&th=1&psc=1">View Product</a></div>
<div class="product"><a href="https://www.amazon.com/dp/B08LPJB9KK?tag=eloabder-20&linkCode=osi&th=1&psc=1"><img src="https://m.media-amazon.com/images/I/51UPOojNtBL._SL500_.jpg" alt="Product Image"></a><p>PETICON SUV Cargo Liner for Dogs, Waterproof Pet Cargo Cover Dog Seat Mat for SUVs Sedans Vans with Bumper Flap Protector, Non-Slip, Large Size Universal Fit, Black</p><p> -10% 0FF </p><p>$44.99</p><a href="https://www.amazon.com/dp/B08LPJB9KK?tag=eloabder-20&linkCode=osi&th=1&psc=1">View Product</a></div><div class="product"><a href="https://www.amazon.com/dp/B071JY9G2P?tag=eloabder-20&linkCode=osi&th=1&psc=1"><img src="https://m.media-amazon.com/images/I/51edZTY6iEL._SL500_.jpg" alt="Product Image"></a><p>HelloTree SUV Cargo Liner for Dogs Waterproof Pet Cargo Cover Dog Seat Mat for SUVs Oxford Car SUV Seat Cover Trunk Protector for Vehicles Washable Dog Accessories</p><p> -15% 0FF </p><p>$19.54</p><a href="https://www.amazon.com/dp/B071JY9G2P?tag=eloabder-20&linkCode=osi&th=1&psc=1">View Product</a></div><div class="product"><a href="https://www.amazon.com/dp/B0DS5X7GYS?tag=eloabder-20&linkCode=osi&th=1&psc=1"><img src="https://m.media-amazon.com/images/I/41r6K3mRSiL._SL500_.jpg" alt="Product Image"></a><p>fidozen Universal Cargo Liner for SUV – Waterproof Dog Trunk Mat, Non-Slip Back Seat Protector, Car Bed Cover, Pet Barrier, Rear Liner Accessories for Trucks & Sedans, Universal Fit Trunk Cover</p><p> -13% 0FF </p><p>$19.99</p><a href="https://www.amazon.com/dp/B0DS5X7GYS?tag=eloabder-20&linkCode=osi&th=1&psc=1">View Product</a></div>
<div class="product"><a href="https://www.amazon.com/dp/B0FCCFR3FK?tag=eloabder-20&linkCode=osi&th=1&psc=1"><img src="https://m.media-amazon.com/images/I/51YvAjjXd1L._SL500_.jpg" alt="Product Image"></a><p>KoovDem 2-PCS Universal Metal Belt - Durable - Extenders Bag Quick Release Buckle for Replacement 14-Inch Belt Buckle</p><p> -18% 0FF </p><p>$22.99</p><a href="https://www.amazon.com/dp/B0FCCFR3FK?tag=eloabder-20&linkCode=osi&th=1&psc=1">View Product</a></div><div class="product"><a href="https://www.amazon.com/dp/B084P36HWT?tag=eloabder-20&linkCode=osi&th=1&psc=1"><img src="https://m.media-amazon.com/images/I/31IpG2p7-UL._SL500_.jpg" alt="Product Image"></a><p>RHOX SEAT-2000 Seat Belt 60" Length, 2" Width Golf carts</p><p> -11% 0FF </p><p>$31.24</p><a href="https://www.amazon.com/dp/B084P36HWT?tag=eloabder-20&linkCode=osi&th=1&psc=1">View Product</a></div><div class="product"><a href="https://www.amazon.com/dp/B09G6MQ4B3?tag=eloabder-20&linkCode=osi&th=1&psc=1"><img src="https://m.media-amazon.com/images/I/418T0z-MqtL._SL500_.jpg" alt="Product Image"></a><p>iLSKW Retractable 61" DOT Seat Belts Universal Seat Belts for Golf Cart EZGO TXT RXV, Yamaha, Club Car (1 Set Only)</p><p> -27% 0FF </p><p>$21.99</p><a href="https://www.amazon.com/dp/B09G6MQ4B3?tag=eloabder-20&linkCode=osi&th=1&psc=1">View Product</a></div>
<div class="product"><a href="https://www.amazon.com/dp/B07TKB5SWG?tag=eloabder-20&linkCode=osi&th=1&psc=1"><img src="https://m.media-amazon.com/images/I/31ZJD0uNA-L._SL500_.jpg" alt="Product Image"></a><p>SMART ELF Car Seat Protector, 2Pack Seat Protector Protect Child Seats with Thickest Padding and Non-Slip Backing Mesh Pockets for Baby and Pet,Sedan SUV Truck (Black)</p><p> -14% 0FF </p><p>$29.97</p><a href="https://www.amazon.com/dp/B07TKB5SWG?tag=eloabder-20&linkCode=osi&th=1&psc=1">View Product</a></div><div class="product"><a href="https://www.amazon.com/dp/B07JBQBVL6?tag=eloabder-20&linkCode=osi&th=1&psc=1"><img src="https://m.media-amazon.com/images/I/31PZj+OEfjL._SL500_.jpg" alt="Product Image"></a><p>Car Seat Protector for Baby Child Car Seats, Shynerk Auto Seat Cover Mat for Under Carseat to Protect Automotive Vehicle Leather and Cloth Upholstery - Waterproof and Dirt Resistant</p><p> -33% 0FF </p><p>$19.98</p><a href="https://www.amazon.com/dp/B07JBQBVL6?tag=eloabder-20&linkCode=osi&th=1&psc=1">View Product</a></div><div class="product"><a href="https://www.amazon.com/dp/B08JB3ZVB6?tag=eloabder-20&linkCode=osi&th=1&psc=1"><img src="https://m.media-amazon.com/images/I/41qltgLOhDL._SL500_.jpg" alt="Product Image"></a><p>Meolsaek Car Seat Protector, Non-Slip Backing Will Not Leave Imprint, Waterproof Thicker Car Seat Cover for SUV, Sedan, Truck, Leather Seat Protector (Gray Black)</p><p> -34% 0FF </p><p>$20.99 ($10.50 / Count)</p><a href="https://www.amazon.com/dp/B08JB3ZVB6?tag=eloabder-20&linkCode=osi&th=1&psc=1">View Product</a></div><div class="product"><a href="https://www.amazon.com/dp/B0897YND6W?tag=eloabder-20&linkCode=osi&th=1&psc=1"><img src="https://m.media-amazon.com/images/I/51FxXsg55IL._SL500_.jpg" alt="Product Image"></a><p>Helteko Carseat Protector with Thickest Padding, 2 Pack Auto Seat Pad from Waterproof & Stain Resistant for Child Baby , Kick Mat Material for Leather and Fabric Seat</p><p> -19% 0FF </p><p>$28.99</p><a href="https://www.amazon.com/dp/B0897YND6W?tag=eloabder-20&linkCode=osi&th=1&psc=1">View Product</a></div><div class="product"><a href="https://www.amazon.com/dp/B00B7M7CLA?tag=eloabder-20&linkCode=osi&th=1&psc=1"><img src="https://m.media-amazon.com/images/I/31Fd5Ue510L._SL500_.jpg" alt="Product Image"></a><p>Munchkin® Back Seat Cover for Kids, Deluxe Kick Mats™ Car Seat Protector, Black, 2 Pack</p><p> -20% 0FF </p><p>$15.19</p><a href="https://www.amazon.com/dp/B00B7M7CLA?tag=eloabder-20&linkCode=osi&th=1&psc=1">View Product</a></div><div class="product"><a href="https://www.amazon.com/dp/B0BX36GGDS?tag=eloabder-20&linkCode=osi&th=1&psc=1"><img src="https://m.media-amazon.com/images/I/51oHk8LVt7L._SL500_.jpg" alt="Product Image"></a><p>Skechers Memory Foam Leather Car Seat Covers, Air Cool Mesh Thick Seat Covers, Slip-ins Front seat Cover, Airbag Compatible, Automotive Comfort for Most Cars, Vans, Trucks, SUV,Black</p><p> -29% 0FF </p><p>$40.01</p><a href="https://www.amazon.com/dp/B0BX36GGDS?tag=eloabder-20&linkCode=osi&th=1&psc=1">View Product</a></div>
<div class="product"><a href="https://www.amazon.com/dp/B000VAKXVA?tag=eloabder-20&linkCode=osi&th=1&psc=1"><img src="https://m.media-amazon.com/images/I/511Rv7cB1qL._SL500_.jpg" alt="Product Image"></a><p>Security Chain Company SC1032 Radial Chain Cable Traction Tire Chain - Set of 2</p><p> -24% 0FF </p><p>$35.07</p><a href="https://www.amazon.com/dp/B000VAKXVA?tag=eloabder-20&linkCode=osi&th=1&psc=1">View Product</a></div><div class="product"><a href="https://www.amazon.com/dp/B000HZFDPU?tag=eloabder-20&linkCode=osi&th=1&psc=1"><img src="https://m.media-amazon.com/images/I/51Bo-7auJlL._SL500_.jpg" alt="Product Image"></a><p>SCC SZ143 Super Z6 Cable Tire Chain for Passenger Cars, Pickups, and SUVs - Set of 2</p><p> -16% 0FF </p><p>$75.51</p><a href="https://www.amazon.com/dp/B000HZFDPU?tag=eloabder-20&linkCode=osi&th=1&psc=1">View Product</a></div><div class="product"><a href="https://www.amazon.com/dp/B0CLH6H3C8?tag=eloabder-20&linkCode=osi&th=1&psc=1"><img src="https://m.media-amazon.com/images/I/51ufxX-WxIL._SL500_.jpg" alt="Product Image"></a><p>Snow Chains for Car 6 Pack, Emergency Anti Slip Chains for SUV/Trucks/ATV, Adjustable Universal Winter Security Chains for Ice Snow Mud Sand, Easy Installation, Tires Width 6.5-10.8"/165-275mm</p><p> -10% 0FF </p><p>$35.99</p><a href="https://www.amazon.com/dp/B0CLH6H3C8?tag=eloabder-20&linkCode=osi&th=1&psc=1">View Product</a></div><div class="product"><a href="https://www.amazon.com/dp/B0DKFZYNT4?tag=eloabder-20&linkCode=osi&th=1&psc=1"><img src="https://m.media-amazon.com/images/I/51Xg2NHnT2L._SL500_.jpg" alt="Product Image"></a><p>KYX Tire Chains for Car/SUV/Pickup Truks, Adjustable Universal Emergency Snow Chains for Tire, 8.7-11.1 inch, 8 Pcs,</p><p> -39% 0FF </p><p>$49.99</p><a href="https://www.amazon.com/dp/B0DKFZYNT4?tag=eloabder-20&linkCode=osi&th=1&psc=1">View Product</a></div>
<div class="product"><a href="https://www.amazon.com/dp/B01KIFISX2?tag=eloabder-20&linkCode=osi&th=1&psc=1"><img src="https://m.media-amazon.com/images/I/417UJ6FeU5L._SL500_.jpg" alt="Product Image"></a><p>EcoNour Patented Design for Car Windshield Sun Shade | Blocks 99% Heat and Keep Interior Cool | Fits Cars, SUV, Truck | Automotive Sun Screen,Visor and Summer Vehicle Accessories | Medium (64x32)</p><p> -36% 0FF </p><p>$15.99</p><a href="https://www.amazon.com/dp/B01KIFISX2?tag=eloabder-20&linkCode=osi&th=1&psc=1">View Product</a></div><div class="product"><a href="https://www.amazon.com/dp/B0CR6B5BVK?tag=eloabder-20&linkCode=osi&th=1&psc=1"><img src="https://m.media-amazon.com/images/I/41cCJEg8eQL._SL500_.jpg" alt="Product Image"></a><p>Autovir Foldable Windshield Sun Shade for Car – 240T Reflective UV and Heat Shield with Storage Bag | Keeps Interior Cool | Universal Fit for Sedans, SUVs, and Trucks – Medium (64" x 32")</p><p> -44% 0FF </p><p>$9.99</p><a href="https://www.amazon.com/dp/B0CR6B5BVK?tag=eloabder-20&linkCode=osi&th=1&psc=1">View Product</a></div><div class="product"><a href="https://www.amazon.com/dp/B08SHCN2WF?tag=eloabder-20&linkCode=osi&th=1&psc=1"><img src="https://m.media-amazon.com/images/I/51LWD9uvTEL._SL500_.jpg" alt="Product Image"></a><p>Ontel Brella Shield by Arctic Air, Car Windshield Sun Shade, One-Size (31x57"), As Seen on TV</p><p> -40% 0FF </p><p>$11.90</p><a href="https://www.amazon.com/dp/B08SHCN2WF?tag=eloabder-20&linkCode=osi&th=1&psc=1">View Product</a></div><div class="product"><a href="https://www.amazon.com/dp/B09DJYP623?tag=eloabder-20&linkCode=osi&th=1&psc=1"><img src="https://m.media-amazon.com/images/I/31zzyt2WMDL._SL500_.jpg" alt="Product Image"></a><p>Windshield Snow Cover for Cars, Trucks, Vans - Waterproof, Windproof Winter Frost and Ice Removal Sunshade With Side Mirror Covers</p><p> -40% 0FF </p><p>$10.79</p><a href="https://www.amazon.com/dp/B09DJYP623?tag=eloabder-20&linkCode=osi&th=1&psc=1">View Product</a></div><div class="product"><a href="https://www.amazon.com/dp/B01JAP2M2O?tag=eloabder-20&linkCode=osi&th=1&psc=1"><img src="https://m.media-amazon.com/images/I/41+4Eg0+75L._SL500_.jpg" alt="Product Image"></a><p>Car Windshield Sun Shade - Foldable Reflective Sun Visor for Cars, SUVs, Trucks, and Vehicles | Heat Blocking Sunshade to Keep Interior Cool | Summer Automotive Accessories</p><p> -25% 0FF </p><p>$4.50</p><a href="https://www.amazon.com/dp/B01JAP2M2O?tag=eloabder-20&linkCode=osi&th=1&psc=1">View Product</a></div>
<div class="product"><a href="https://www.amazon.com/dp/B08V5KYVHS?tag=eloabder-20&linkCode=osi&th=1&psc=1"><img src="https://m.media-amazon.com/images/I/41Azr0Ix27L._SL500_.jpg" alt="Product Image"></a><p>GORDITA SUV Waterproof Car Covers for Automobiles All Weather Season UV Protection Snowproof Outdoor Full Cover Universal Fit SUV Up to 190’’</p><p> -20% 0FF </p><p>$31.98</p><a href="https://www.amazon.com/dp/B08V5KYVHS?tag=eloabder-20&linkCode=osi&th=1&psc=1">View Product</a></div><div class="product"><a href="https://www.amazon.com/dp/B000ALG86E?tag=eloabder-20&linkCode=osi&th=1&psc=1"><img src="https://m.media-amazon.com/images/I/31FzCVKNAqL._SL500_.jpg" alt="Product Image"></a><p>Budge Lite Car Cover Dirtproof, Scratch Resistant, Breathable, Dustproof, Car Cover Fits Sedans up to 200", Gray</p><p> -38% 0FF </p><p>$25.95</p><a href="https://www.amazon.com/dp/B000ALG86E?tag=eloabder-20&linkCode=osi&th=1&psc=1">View Product</a></div><div class="product"><a href="https://www.amazon.com/dp/B08BNHV8Z4?tag=eloabder-20&linkCode=osi&th=1&psc=1"><img src="https://m.media-amazon.com/images/I/31fZZtayFEL._SL500_.jpg" alt="Product Image"></a><p>MORNYRAY Waterproof Car Cover All Weather Snowproof UV Protection Windproof Outdoor Full car Cover, Universal Fit for Sedan (Fit Sedan Length 194-206 inch, Blue)</p><p> -5% 0FF </p><p>$26.91</p><a href="https://www.amazon.com/dp/B08BNHV8Z4?tag=eloabder-20&linkCode=osi&th=1&psc=1">View Product</a></div><div class="product"><a href="https://www.amazon.com/dp/B0749LSSSS?tag=eloabder-20&linkCode=osi&th=1&psc=1"><img src="https://m.media-amazon.com/images/I/31DuVy4whfL._SL500_.jpg" alt="Product Image"></a><p>Kayme 6 Layers Car Cover Waterproof All Weather for Automobiles, Outdoor Full Cover Rain Sun UV Protection with Zipper Cotton, Universal Fit for Sedan (178-185 inch)</p><p> -6% 0FF </p><p>$65.96</p><a href="https://www.amazon.com/dp/B0749LSSSS?tag=eloabder-20&linkCode=osi&th=1&psc=1">View Product</a></div><div class="product"><a href="https://www.amazon.com/dp/B09TQJDSMK?tag=eloabder-20&linkCode=osi&th=1&psc=1"><img src="https://m.media-amazon.com/images/I/31OTP9GC44L._SL500_.jpg" alt="Product Image"></a><p>Avecrew Car Cover Waterproof All Weather for Automobiles, Outdoor Heavy Duty Full Exterior Covers for Sedan(194"-208")</p><p> -6% 0FF </p><p>$32.99</p><a href="https://www.amazon.com/dp/B09TQJDSMK?tag=eloabder-20&linkCode=osi&th=1&psc=1">View Product</a></div>
<div class="product"><a href="https://www.amazon.com/dp/B0B5P2KG9X?tag=eloabder-20&linkCode=osi&th=1&psc=1"><img src="https://m.media-amazon.com/images/I/51MNgipOEoL._SL500_.jpg" alt="Product Image"></a><p>METOWARE Heavy Duty Tow Strap Recovery Kit - 3" x 20ft(35,000lbs) Tree Saver Winch Strap + 3/4" D Ring Shackles(2pcs) + Storage Bag - Truck, SUV, ATV Off Road Towing Strap Kit</p><p> -19% 0FF </p><p>$29.99</p><a href="https://www.amazon.com/dp/B0B5P2KG9X?tag=eloabder-20&linkCode=osi&th=1&psc=1">View Product</a></div><div class="product"><a href="https://www.amazon.com/dp/B08HYR56PX?tag=eloabder-20&linkCode=osi&th=1&psc=1"><img src="https://m.media-amazon.com/images/I/31J4suE1NpS._SL500_.jpg" alt="Product Image"></a><p>KJE Tow Strap with Reinforced Loops 2in x 30ft Vehicle Recovery Rope 10,000 lbs Pound Capacity Recovery Strap yellow2</p><p> -10% 0FF </p><p>$17.99 ($0.60 / Foot)</p><a href="https://www.amazon.com/dp/B08HYR56PX?tag=eloabder-20&linkCode=osi&th=1&psc=1">View Product</a></div>

<div class="product"><a href="https://www.amazon.com/dp/B004HCS4NW?tag=eloabder-20&linkCode=osi&th=1&psc=1"><img src="https://m.media-amazon.com/images/I/41j5b6xRqNL._SL500_.jpg" alt="Product Image"></a><p>Meguiar's G2016 Convertible Top Cleaner, 16 Fluid Ounces, Units per Each</p><p> -31% 0FF </p><p>$8.28 ($0.52 / Fl Oz)</p><a href="https://www.amazon.com/dp/B004HCS4NW?tag=eloabder-20&linkCode=osi&th=1&psc=1">View Product</a></div><div class="product"><a href="https://www.amazon.com/dp/B0BS42VY2N?tag=eloabder-20&linkCode=osi&th=1&psc=1"><img src="https://m.media-amazon.com/images/I/4179SVWrunL._SL500_.jpg" alt="Product Image"></a><p>A-Premium Black Convertible Soft Top Compatible with Ford Mustang 2005-2014, Convertible, with Glass Window</p><p> -12% 0FF </p><p>$309.99</p><a href="https://www.amazon.com/dp/B0BS42VY2N?tag=eloabder-20&linkCode=osi&th=1&psc=1">View Product</a></div>
<div class="product"><a href="https://www.amazon.com/dp/B00029CYRG?tag=eloabder-20&linkCode=osi&th=1&psc=1"><img src="https://m.media-amazon.com/images/I/41Hnigm4E8L._SL500_.jpg" alt="Product Image"></a><p>Meguiar's M6732 Marine/RV One Step Compound, Remove Oxidation, Stains, Scratches, and Water Spots, Restore The Color and Shine of Fiberglass Gel Coat Finishes, 32 Oz Bottle</p><p> -10% 0FF </p><p>$19.62 ($0.61 / Fl Oz)</p><a href="https://www.amazon.com/dp/B00029CYRG?tag=eloabder-20&linkCode=osi&th=1&psc=1">View Product</a></div><div class="product"><a href="https://www.amazon.com/dp/B0007TR47G?tag=eloabder-20&linkCode=osi&th=1&psc=1"><img src="https://m.media-amazon.com/images/I/41TJAH5y4lL._SL500_.jpg" alt="Product Image"></a><p>Meguiar's M6332 Flagship Premium Marine Wax, Easy to Use Boat Polish and Wax, Remove Scratches, Swirls, and Oxidation While Leaving Lasting Protection, 32 Oz Bottle</p><p> -30% 0FF </p><p>$24.96</p><a href="https://www.amazon.com/dp/B0007TR47G?tag=eloabder-20&linkCode=osi&th=1&psc=1">View Product</a></div><div class="product"><a href="https://www.amazon.com/dp/B001GXDWGO?tag=eloabder-20&linkCode=osi&th=1&psc=1"><img src="https://m.media-amazon.com/images/I/41Gisw5b70L._SL500_.jpg" alt="Product Image"></a><p>Hardline Products Series 350 Factory Matched 3-Inch Boat & PWC Registration Number Kit, Solid Black - BLK350EC</p><p> -6% 0FF </p><p>$12.10</p><a href="https://www.amazon.com/dp/B001GXDWGO?tag=eloabder-20&linkCode=osi&th=1&psc=1">View Product</a></div><div class="product"><a href="https://www.amazon.com/dp/B0000AY4YT?tag=eloabder-20&linkCode=osi&th=1&psc=1"><img src="https://m.media-amazon.com/images/I/51Dl0tlwnQL._SL500_.jpg" alt="Product Image"></a><p>Meguiar's M4965 Marine/RV Fiberglass Restoration System, 3-Piece Marine Fiberglass Repair Kit Featuring Oxidation Remover for Boat Care Plus Boat Polish and Wax</p><p> -35% 0FF </p><p>$34.63</p><a href="https://www.amazon.com/dp/B0000AY4YT?tag=eloabder-20&linkCode=osi&th=1&psc=1">View Product</a></div>

<div class="product"><a href="https://www.amazon.com/dp/B000MT94QA?tag=eloabder-20&linkCode=osi&th=1&psc=1"><img src="https://m.media-amazon.com/images/I/41j+V11HWVL._SL500_.jpg" alt="Product Image"></a><p>Scepter Duramax Flo ’N Go 14 Gallon (53 Liter) Fueling Station, Portable Gas Caddy and Fuel Transfer Pump with 10-Foot Hose for Lawn Mower, Farm, Marine, Commercial, and Home Use, Gasoline Only, Red</p><p> -8% 0FF </p><p>$141.99</p><a href="https://www.amazon.com/dp/B000MT94QA?tag=eloabder-20&linkCode=osi&th=1&psc=1">View Product</a></div><div class="product"><a href="https://www.amazon.com/dp/B001HVJKSY?tag=eloabder-20&linkCode=osi&th=1&psc=1"><img src="https://m.media-amazon.com/images/I/41yrThZv51L._SL500_.jpg" alt="Product Image"></a><p>RDS MFG INC 72771 Fuel Tank</p><p> -9% 0FF </p><p>$758.78</p><a href="https://www.amazon.com/dp/B001HVJKSY?tag=eloabder-20&linkCode=osi&th=1&psc=1">View Product</a></div>



<div class="product"><a href="https://www.amazon.com/dp/B098WVKF19?tag=eloabder-20&linkCode=osi&th=1&psc=1"><img src="https://m.media-amazon.com/images/I/41IK3vBCYyL._SL500_.jpg" alt="Product Image"></a><p>REDTIGER Dash Cam Front Rear, 4K/2.5K Full HD Dash Camera for Cars, Included 32GB Card, Built-in Wi-Fi GPS, APP Control, 3.18" IPS Screen, Night Vision, Wide Angle, WDR, 24H Parking Mode(F7NP)</p><p> -55% 0FF </p><p>$89.99</p><a href="https://www.amazon.com/dp/B098WVKF19?tag=eloabder-20&linkCode=osi&th=1&psc=1">View Product</a></div><div class="product"><a href="https://www.amazon.com/dp/B0D6J5B98H?tag=eloabder-20&linkCode=osi&th=1&psc=1"><img src="https://m.media-amazon.com/images/I/51SmyQooLuL._SL500_.jpg" alt="Product Image"></a><p>ROVE R2-4K DUAL Dash Cam Front and Rear, STARVIS 2 Sensor, FREE 128GB Card Included, 5G WiFi - up to 20MB/s Fastest Download Speed with App, 4K 2160P/FHD Dash Camera for Cars, 3" IPS, 24H Parking Mode</p><p> -35% 0FF </p><p>$129.99</p><a href="https://www.amazon.com/dp/B0D6J5B98H?tag=eloabder-20&linkCode=osi&th=1&psc=1">View Product</a></div><div class="product"><a href="https://www.amazon.com/dp/B0CKXMKRCS?tag=eloabder-20&linkCode=osi&th=1&psc=1"><img src="https://m.media-amazon.com/images/I/51V46zR7lIL._SL500_.jpg" alt="Product Image"></a><p>Dash Cam WiFi 2K, Car Camera with APP, Front Dash Camera for Cars, Mini Dashcams with WDR Night Vision, 24 Hours Parking Monitor, Loop Recording, G-Sensor</p><p> -33% 0FF </p><p>$39.98</p><a href="https://www.amazon.com/dp/B0CKXMKRCS?tag=eloabder-20&linkCode=osi&th=1&psc=1">View Product</a></div><div class="product"><a href="https://www.amazon.com/dp/B0C2Y6WXJ7?tag=eloabder-20&linkCode=osi&th=1&psc=1"><img src="https://m.media-amazon.com/images/I/51osSkFBZDL._SL500_.jpg" alt="Product Image"></a><p>Dash Cam Front and Rear, 1080P Dash Camera for Cars, 3 Channel Car Camera Front Rear and Inside with 32GB Card, Loop Recording, Night Vision, HDR, G-Sensor, 24Hr Parking</p><p> -14% 0FF </p><p>$59.99</p><a href="https://www.amazon.com/dp/B0C2Y6WXJ7?tag=eloabder-20&linkCode=osi&th=1&psc=1">View Product</a></div><div class="product"><a href="https://www.amazon.com/dp/B0C6YBHKJ5?tag=eloabder-20&linkCode=osi&th=1&psc=1"><img src="https://m.media-amazon.com/images/I/51ktc2240CL._SL500_.jpg" alt="Product Image"></a><p>REDTIGER 4K Dash Cam Front and Rear, STARVIS 2 Sensor, Touch Screen 3.18", 128GB Card Included, Voice Control, 5.8GHz WiFi Car Dash Camera, GPS, Night Vision, Emergency Lock, Parking Mode (F7N Touch)</p><p> -25% 0FF </p><p>$149.99</p><a href="https://www.amazon.com/dp/B0C6YBHKJ5?tag=eloabder-20&linkCode=osi&th=1&psc=1">View Product</a></div><div class="product"><a href="https://www.amazon.com/dp/B0BKF6XQVY?tag=eloabder-20&linkCode=osi&th=1&psc=1"><img src="https://m.media-amazon.com/images/I/41kQ6r03ocL._SL500_.jpg" alt="Product Image"></a><p>ARIFAYZ Dash Cam Front and Rear 4K+1080P, Free 64GB Card, Built-in WiFi, Dash Camera for Cars, Car Camera, Dual Dashcams for Cars with Night Vision, 24 Hours Parking Monitor, Loop Recording</p><p> -10% 0FF </p><p>$89.99</p><a href="https://www.amazon.com/dp/B0BKF6XQVY?tag=eloabder-20&linkCode=osi&th=1&psc=1">View Product</a></div>
<div class="product"><a href="https://www.amazon.com/dp/B07LF7YBNF?tag=eloabder-20&linkCode=osi&th=1&psc=1"><img src="https://m.media-amazon.com/images/I/514tDraUiKL._SL500_.jpg" alt="Product Image"></a><p>BANVIE Car Alarm System, Security Antitheft Alarm Systems with Keyless Entry, with Microwave Sensor & Shock Sensor</p><p> -11% 0FF </p><p>$32.99</p><a href="https://www.amazon.com/dp/B07LF7YBNF?tag=eloabder-20&linkCode=osi&th=1&psc=1">View Product</a></div>
<div class="product"><a href="https://www.amazon.com/dp/B07FT6R38V?tag=eloabder-20&linkCode=osi&th=1&psc=1"><img src="https://m.media-amazon.com/images/I/51PS4hJmevL._SL500_.jpg" alt="Product Image"></a><p>LIANXIN Roadside Assistance Emergency Kit - Car Emergency Kit with Jumper Cables (Upgraded) Emergency Roadside Kit for Car 142 Pieces Car Safety Kits,Tow Strap,Tool Kit,Reflective Warning Triangle</p><p> -5% 0FF </p><p>$39.99</p><a href="https://www.amazon.com/dp/B07FT6R38V?tag=eloabder-20&linkCode=osi&th=1&psc=1">View Product</a></div><div class="product"><a href="https://www.amazon.com/dp/B07BR7Q4RG?tag=eloabder-20&linkCode=osi&th=1&psc=1"><img src="https://m.media-amazon.com/images/I/51wT7DxPZ-L._SL500_.jpg" alt="Product Image"></a><p>STDY Car Roadside Emergency Kit, Vehicle Truck Safety Road Side Assistance Kits Auto Accessory, with Jumper Cables, First Aid Kit, Tow Rope, Reflective Triangle, Tire Pressure Gauge, etc</p><p> -36% 0FF </p><p>$34.99</p><a href="https://www.amazon.com/dp/B07BR7Q4RG?tag=eloabder-20&linkCode=osi&th=1&psc=1">View Product</a></div><div class="product"><a href="https://www.amazon.com/dp/B08RS888RH?tag=eloabder-20&linkCode=osi&th=1&psc=1"><img src="https://m.media-amazon.com/images/I/511WieELkPL._SL500_.jpg" alt="Product Image"></a><p>Vetoos Car Roadside Emergency Kit with Jumper Cables, Auto Vehicle Safety Road Side Assistance Kits, Winter Car Kit Essentials for Women and Men, with Car Repair Tool Set, Folding Survival Shovel</p><p> -33% 0FF </p><p>$39.99</p><a href="https://www.amazon.com/dp/B08RS888RH?tag=eloabder-20&linkCode=osi&th=1&psc=1">View Product</a></div><div class="product"><a href="https://www.amazon.com/dp/B086ZZ145D?tag=eloabder-20&linkCode=osi&th=1&psc=1"><img src="https://m.media-amazon.com/images/I/517daXfVHHL._SL500_.jpg" alt="Product Image"></a><p>Vetoos Roadside Emergency Car Kit with Jumper Cables, Auto Vehicle Safety Road Side Assistance Kit Essentials, Winter Car Kit for Women and Men, with Mini Car Tool Set, Dial Tire Pressure Gauge</p><p> -30% 0FF </p><p>$34.99</p><a href="https://www.amazon.com/dp/B086ZZ145D?tag=eloabder-20&linkCode=osi&th=1&psc=1">View Product</a></div><div class="product"><a href="https://www.amazon.com/dp/B09QXJF7C5?tag=eloabder-20&linkCode=osi&th=1&psc=1"><img src="https://m.media-amazon.com/images/I/51Mvi43rtIL._SL500_.jpg" alt="Product Image"></a><p>WETBAS Car Roadside Emergency Kit, Auto Vehicle Safety Emergency Road Side Assistance Kits Essentials, Solenoid Starter Repair Kit with Jumper Cables, Safety Hammer, Reflective Warning Triangle</p><p> -36% 0FF </p><p>$34.98</p><a href="https://www.amazon.com/dp/B09QXJF7C5?tag=eloabder-20&linkCode=osi&th=1&psc=1">View Product</a></div>

<div class="product"><a href="https://www.amazon.com/dp/B0DH1TN5BW?tag=eloabder-20&linkCode=osi&th=1&psc=1"><img src="https://m.media-amazon.com/images/I/411obZQLkyL._SL500_.jpg" alt="Product Image"></a><p>Miroddi Keychain with Smart Tracker, Men's Keychain Works with Find My App, Heavy Duty Car Key Chains with Bottle Opener Fob Carabiner, Key Finder GPS Tracker, Rechargeable, Gunmetal</p><p> -10% 0FF </p><p>$29.69</p><a href="https://www.amazon.com/dp/B0DH1TN5BW?tag=eloabder-20&linkCode=osi&th=1&psc=1">View Product</a></div><div class="product"><a href="https://www.amazon.com/dp/B09XM96H87?tag=eloabder-20&linkCode=osi&th=1&psc=1"><img src="https://m.media-amazon.com/images/I/41Fo2NZJx5L._SL500_.jpg" alt="Product Image"></a><p>SinoTrack Digital GPS Speedometer Universal Heads Up Display for Car 5.5 inch Large LCD Display HUD with MPH Speed Fatigued Driving Alert Overspeed Alarm Trip Meter for All Vehicle</p><p> -9% 0FF </p><p>$29.98</p><a href="https://www.amazon.com/dp/B09XM96H87?tag=eloabder-20&linkCode=osi&th=1&psc=1">View Product</a></div><div class="product"><a href="https://www.amazon.com/dp/B0DLBDTFL7?tag=eloabder-20&linkCode=osi&th=1&psc=1"><img src="https://m.media-amazon.com/images/I/41NGzpkL0sL._SL500_.jpg" alt="Product Image"></a><p>GPS Navigator for Car Truck RV, Latest 2025 Map, 7 inch Touch Screen Real Voice Spoken Turn-by-Turn Direction Reminding Navigation System for Cars, Vehicle GPS with Speed and Red Light Warning (Blue)</p><p> -19% 0FF </p><p>$56.99</p><a href="https://www.amazon.com/dp/B0DLBDTFL7?tag=eloabder-20&linkCode=osi&th=1&psc=1">View Product</a></div><div class="product"><a href="https://www.amazon.com/dp/B0B5M53F92?tag=eloabder-20&linkCode=osi&th=1&psc=1"><img src="https://m.media-amazon.com/images/I/41jXjmrwkOL._SL500_.jpg" alt="Product Image"></a><p>Premium GPS Tracking Sticker for car, Bike, Motorcycle Anti-Theft Stickers This Vehicle Protected by Warning Tracker Sticker Decal Self Adhesive Sign 4" x 2" Vinyl — UV Resistent (Pack of 2)</p><p> -15% 0FF </p><p>$4.99 ($2.50 / Count)</p><a href="https://www.amazon.com/dp/B0B5M53F92?tag=eloabder-20&linkCode=osi&th=1&psc=1">View Product</a></div>
<div class="product"><a href="https://www.amazon.com/dp/B083GHXFTJ?tag=eloabder-20&linkCode=osi&th=1&psc=1"><img src="https://m.media-amazon.com/images/I/51YLCVtIhJL._SL500_.jpg" alt="Product Image"></a><p>Winzwon Interior Led Lights for Car Accessories for Women Men, Birthday Gifts for Men Him, APP Control with USB Port Music Sync Color Change Lights for Jeep Truck Decor, 12V</p><p> -23% 0FF </p><p>$9.99 ($2.50 / Count)</p><a href="https://www.amazon.com/dp/B083GHXFTJ?tag=eloabder-20&linkCode=osi&th=1&psc=1">View Product</a></div><div class="product"><a href="https://www.amazon.com/dp/B08F9PF2Y5?tag=eloabder-20&linkCode=osi&th=1&psc=1"><img src="https://m.media-amazon.com/images/I/51erdB7xL4L._SL500_.jpg" alt="Product Image"></a><p>Interior Car LED Strip Lights APP Control, 5 in 1 RGB 16 Million Colors Ambient Lighting Kit with 236 inches Fiber Optic, Music Mode Inside Car Lighting Decorations</p><p> -5% 0FF </p><p>$20.88</p><a href="https://www.amazon.com/dp/B08F9PF2Y5?tag=eloabder-20&linkCode=osi&th=1&psc=1">View Product</a></div><div class="product"><a href="https://www.amazon.com/dp/B097CB5WXB?tag=eloabder-20&linkCode=osi&th=1&psc=1"><img src="https://m.media-amazon.com/images/I/51T-wkU4nKL._SL500_.jpg" alt="Product Image"></a><p>Interior Car Lights Keepsmile Car Accessories APP Control with Remote Music Sync Color Change RGB Under Dash Lighting with Charger 12V LED Lights Running Board Lights</p><p> -20% 0FF </p><p>$15.99</p><a href="https://www.amazon.com/dp/B097CB5WXB?tag=eloabder-20&linkCode=osi&th=1&psc=1">View Product</a></div>
<div class="product"><a href="https://www.amazon.com/dp/B0CDBQT23P?tag=eloabder-20&linkCode=osi&th=1&psc=1"><img src="https://m.media-amazon.com/images/I/41+xWbXza3L._SL500_.jpg" alt="Product Image"></a><p>AUXITO 9005/HB3 H11/H8/H9 LED Bulbs Combo, 50000LM Bright 6500K Cool White, 120W Fanless Light Bulbs, Pack of 4</p><p> -22% 0FF </p><p>$69.98</p><a href="https://www.amazon.com/dp/B0CDBQT23P?tag=eloabder-20&linkCode=osi&th=1&psc=1">View Product</a></div><div class="product"><a href="https://www.amazon.com/dp/B0D1YGCQH1?tag=eloabder-20&linkCode=osi&th=1&psc=1"><img src="https://m.media-amazon.com/images/I/51Q44nlhKJL._SL500_.jpg" alt="Product Image"></a><p>Marsauto M1S 9005/HB3 H11/H8/H9 Light Bulbs Combo, 800% Super Brighter H11 9005 Bulbs or Fog, 6000K HB3 H9 Cool White, 3 Min Plug and Play Lights Combo, IP68, Pack of 4</p><p> -35% 0FF </p><p>$45.59 ($11.40 / Count)</p><a href="https://www.amazon.com/dp/B0D1YGCQH1?tag=eloabder-20&linkCode=osi&th=1&psc=1">View Product</a></div><div class="product"><a href="https://www.amazon.com/dp/B0F4CZ32P6?tag=eloabder-20&linkCode=osi&th=1&psc=1"><img src="https://m.media-amazon.com/images/I/41-t621Z4+L._SL500_.jpg" alt="Product Image"></a><p>AUTOONE Upgraded H7/H7LL LED Light Bulb, Super Bright Real 1:1 Halogen Mini Size, 10-Year Extended Lifespan, 6500K White Illumination for Automotive Fog Lights, Plug and Play, Pack of 2</p><p> -8% 0FF </p><p>$36.99 ($18.50 / Count)</p><a href="https://www.amazon.com/dp/B0F4CZ32P6?tag=eloabder-20&linkCode=osi&th=1&psc=1">View Product</a></div>
<div class="product"><a href="https://www.amazon.com/dp/B08BHN2NN1?tag=eloabder-20&linkCode=osi&th=1&psc=1"><img src="https://m.media-amazon.com/images/I/41ddySbPN-L._SL500_.jpg" alt="Product Image"></a><p>EMITHSUN OEM QUALITY 26" + 16" Premium All-Seasons Stable And Quiet Windshield Wiper Blades(Set of 2)</p><p> -15% 0FF </p><p>$16.99</p><a href="https://www.amazon.com/dp/B08BHN2NN1?tag=eloabder-20&linkCode=osi&th=1&psc=1">View Product</a></div><div class="product"><a href="https://www.amazon.com/dp/B08MF13665?tag=eloabder-20&linkCode=osi&th=1&psc=1"><img src="https://m.media-amazon.com/images/I/51I-r5q796L._SL500_.jpg" alt="Product Image"></a><p>AUTOBOO 26" and 18" Windshield Wipers Blades (Pack Of 2),OEM Quality Premium All-Seasons Wiper blades,Stable and Quiet Armor wiper blades</p><p> -20% 0FF </p><p>$15.98</p><a href="https://www.amazon.com/dp/B08MF13665?tag=eloabder-20&linkCode=osi&th=1&psc=1">View Product</a></div><div class="product"><a href="https://www.amazon.com/dp/B088RJ168L?tag=eloabder-20&linkCode=osi&th=1&psc=1"><img src="https://m.media-amazon.com/images/I/410IqJ2r+hL._SL500_.jpg" alt="Product Image"></a><p>OEM QUALITY 26" + 19" PARRATI Premium All-Season Windshield Wiper Blades (Set of 2)</p><p> -13% 0FF </p><p>$17.39</p><a href="https://www.amazon.com/dp/B088RJ168L?tag=eloabder-20&linkCode=osi&th=1&psc=1">View Product</a></div><div class="product"><a href="https://www.amazon.com/dp/B0BHTHFTJH?tag=eloabder-20&linkCode=osi&th=1&psc=1"><img src="https://m.media-amazon.com/images/I/41CZndsAdkL._SL500_.jpg" alt="Product Image"></a><p>Wenyant 28"+28" Compatible with Ford Edge 2020-2015 Escape 2019-2013 Focus 2018-2012 Fusion 2019-2013 Front Windshield Wiper Blades for My Car Original Equipment Automotive Replacement (Set of 2)</p><p> -10% 0FF </p><p>$17.99</p><a href="https://www.amazon.com/dp/B0BHTHFTJH?tag=eloabder-20&linkCode=osi&th=1&psc=1">View Product</a></div>
<div class="product"><a href="https://www.amazon.com/dp/B098SCL6WY?tag=eloabder-20&linkCode=osi&th=1&psc=1"><img src="https://m.media-amazon.com/images/I/413q5T98ohL._SL500_.jpg" alt="Product Image"></a><p>Car Rooftop Cargo Carrier - 21 Cubic Feet, 100% Waterproof Heavy Duty 840D Car Roof Bag for All Vehicles with/Without Racks - Anti-Slip Mat, 6 Door Hooks, Storage Bag, 2 Extra Straps</p><p> -23% 0FF </p><p>$99.99</p><a href="https://www.amazon.com/dp/B098SCL6WY?tag=eloabder-20&linkCode=osi&th=1&psc=1">View Product</a></div><div class="product"><a href="https://www.amazon.com/dp/B083T53K3P?tag=eloabder-20&linkCode=osi&th=1&psc=1"><img src="https://m.media-amazon.com/images/I/31a-GM0ujxL._SL500_.jpg" alt="Product Image"></a><p>Amazon Basics Cross Rail Roof Rack, 52 inches, Fits up to 46" Spans between Raised Side Rails with Gap, Pack of 2, Black/Silver</p><p> -8% 0FF </p><p>$53.99</p><a href="https://www.amazon.com/dp/B083T53K3P?tag=eloabder-20&linkCode=osi&th=1&psc=1">View Product</a></div><div class="product"><a href="https://www.amazon.com/dp/B0DHVGLZHS?tag=eloabder-20&linkCode=osi&th=1&psc=1"><img src="https://m.media-amazon.com/images/I/31S6dp9t7gL._SL500_.jpg" alt="Product Image"></a><p>VEVOR Universal Roof Rack Cross Bars, 41.3" Aluminum Roof Rack with 155 lbs Load Capacity, Adjustable Roof Crossbars with Locks, fit Cars Without Side Rail, for SUVs, Sedans, and Vans</p><p> -13% 0FF </p><p>$53.99</p><a href="https://www.amazon.com/dp/B0DHVGLZHS?tag=eloabder-20&linkCode=osi&th=1&psc=1">View Product</a></div>
<div class="product"><a href="https://www.amazon.com/dp/B000AAYBSW?tag=eloabder-20&linkCode=osi&th=1&psc=1"><img src="https://m.media-amazon.com/images/I/41YERSWqFDL._SL500_.jpg" alt="Product Image"></a><p>BELL Double Back Two-Bike Trunk Rack</p><p> -41% 0FF </p><p>$47.99</p><a href="https://www.amazon.com/dp/B000AAYBSW?tag=eloabder-20&linkCode=osi&th=1&psc=1">View Product</a></div>
<div class="product"><a href="https://www.amazon.com/dp/B0CZP1HLSW?tag=eloabder-20&linkCode=osi&th=1&psc=1"><img src="https://m.media-amazon.com/images/I/31MJck4XJeL._SL500_.jpg" alt="Product Image"></a><p>Asinking Car Rooftop Cargo Carrier Bag - 100% Waterproof Heavy Duty Car Roof Luggage Carrier 21 Cubic Feet, Fits All Vehicles with/Without Roof Rack - Easy Install & Triply Reinforced for Secure Use</p><p> -57% 0FF </p><p>$59.97</p><a href="https://www.amazon.com/dp/B0CZP1HLSW?tag=eloabder-20&linkCode=osi&th=1&psc=1">View Product</a></div><div class="product"><a href="https://www.amazon.com/dp/B07P72DV84?tag=eloabder-20&linkCode=osi&th=1&psc=1"><img src="https://m.media-amazon.com/images/I/51kqBbI1pAL._SL500_.jpg" alt="Product Image"></a><p>OKLEAD 500 Lbs Heavy Duty Hitch Mount Cargo Carrier 60" x 24" x 14.4" Folding Cargo Rack Rear Luggage Basket Fits 2" Receiver for Car SUV Camping Traveling</p><p> -12% 0FF </p><p>$229.99</p><a href="https://www.amazon.com/dp/B07P72DV84?tag=eloabder-20&linkCode=osi&th=1&psc=1">View Product</a></div>
<div class="product"><a href="https://www.amazon.com/dp/B08LPJB9KK?tag=eloabder-20&linkCode=osi&th=1&psc=1"><img src="https://m.media-amazon.com/images/I/51UPOojNtBL._SL500_.jpg" alt="Product Image"></a><p>PETICON SUV Cargo Liner for Dogs, Waterproof Pet Cargo Cover Dog Seat Mat for SUVs Sedans Vans with Bumper Flap Protector, Non-Slip, Large Size Universal Fit, Black</p><p> -10% 0FF </p><p>$44.99</p><a href="https://www.amazon.com/dp/B08LPJB9KK?tag=eloabder-20&linkCode=osi&th=1&psc=1">View Product</a></div><div class="product"><a href="https://www.amazon.com/dp/B071JY9G2P?tag=eloabder-20&linkCode=osi&th=1&psc=1"><img src="https://m.media-amazon.com/images/I/51edZTY6iEL._SL500_.jpg" alt="Product Image"></a><p>HelloTree SUV Cargo Liner for Dogs Waterproof Pet Cargo Cover Dog Seat Mat for SUVs Oxford Car SUV Seat Cover Trunk Protector for Vehicles Washable Dog Accessories</p><p> -15% 0FF </p><p>$19.54</p><a href="https://www.amazon.com/dp/B071JY9G2P?tag=eloabder-20&linkCode=osi&th=1&psc=1">View Product</a></div><div class="product"><a href="https://www.amazon.com/dp/B0DS5X7GYS?tag=eloabder-20&linkCode=osi&th=1&psc=1"><img src="https://m.media-amazon.com/images/I/41r6K3mRSiL._SL500_.jpg" alt="Product Image"></a><p>fidozen Universal Cargo Liner for SUV – Waterproof Dog Trunk Mat, Non-Slip Back Seat Protector, Car Bed Cover, Pet Barrier, Rear Liner Accessories for Trucks & Sedans, Universal Fit Trunk Cover</p><p> -13% 0FF </p><p>$19.99</p><a href="https://www.amazon.com/dp/B0DS5X7GYS?tag=eloabder-20&linkCode=osi&th=1&psc=1">View Product</a></div>
<div class="product"><a href="https://www.amazon.com/dp/B0FCCFR3FK?tag=eloabder-20&linkCode=osi&th=1&psc=1"><img src="https://m.media-amazon.com/images/I/51YvAjjXd1L._SL500_.jpg" alt="Product Image"></a><p>KoovDem 2-PCS Universal Metal Belt - Durable - Extenders Bag Quick Release Buckle for Replacement 14-Inch Belt Buckle</p><p> -18% 0FF </p><p>$22.99</p><a href="https://www.amazon.com/dp/B0FCCFR3FK?tag=eloabder-20&linkCode=osi&th=1&psc=1">View Product</a></div><div class="product"><a href="https://www.amazon.com/dp/B084P36HWT?tag=eloabder-20&linkCode=osi&th=1&psc=1"><img src="https://m.media-amazon.com/images/I/31IpG2p7-UL._SL500_.jpg" alt="Product Image"></a><p>RHOX SEAT-2000 Seat Belt 60" Length, 2" Width Golf carts</p><p> -11% 0FF </p><p>$31.24</p><a href="https://www.amazon.com/dp/B084P36HWT?tag=eloabder-20&linkCode=osi&th=1&psc=1">View Product</a></div><div class="product"><a href="https://www.amazon.com/dp/B09G6MQ4B3?tag=eloabder-20&linkCode=osi&th=1&psc=1"><img src="https://m.media-amazon.com/images/I/418T0z-MqtL._SL500_.jpg" alt="Product Image"></a><p>iLSKW Retractable 61" DOT Seat Belts Universal Seat Belts for Golf Cart EZGO TXT RXV, Yamaha, Club Car (1 Set Only)</p><p> -27% 0FF </p><p>$21.99</p><a href="https://www.amazon.com/dp/B09G6MQ4B3?tag=eloabder-20&linkCode=osi&th=1&psc=1">View Product</a></div>
<div class="product"><a href="https://www.amazon.com/dp/B07TKB5SWG?tag=eloabder-20&linkCode=osi&th=1&psc=1"><img src="https://m.media-amazon.com/images/I/31ZJD0uNA-L._SL500_.jpg" alt="Product Image"></a><p>SMART ELF Car Seat Protector, 2Pack Seat Protector Protect Child Seats with Thickest Padding and Non-Slip Backing Mesh Pockets for Baby and Pet,Sedan SUV Truck (Black)</p><p> -14% 0FF </p><p>$29.97</p><a href="https://www.amazon.com/dp/B07TKB5SWG?tag=eloabder-20&linkCode=osi&th=1&psc=1">View Product</a></div><div class="product"><a href="https://www.amazon.com/dp/B07JBQBVL6?tag=eloabder-20&linkCode=osi&th=1&psc=1"><img src="https://m.media-amazon.com/images/I/31PZj+OEfjL._SL500_.jpg" alt="Product Image"></a><p>Car Seat Protector for Baby Child Car Seats, Shynerk Auto Seat Cover Mat for Under Carseat to Protect Automotive Vehicle Leather and Cloth Upholstery - Waterproof and Dirt Resistant</p><p> -33% 0FF </p><p>$19.98</p><a href="https://www.amazon.com/dp/B07JBQBVL6?tag=eloabder-20&linkCode=osi&th=1&psc=1">View Product</a></div><div class="product"><a href="https://www.amazon.com/dp/B08JB3ZVB6?tag=eloabder-20&linkCode=osi&th=1&psc=1"><img src="https://m.media-amazon.com/images/I/41qltgLOhDL._SL500_.jpg" alt="Product Image"></a><p>Meolsaek Car Seat Protector, Non-Slip Backing Will Not Leave Imprint, Waterproof Thicker Car Seat Cover for SUV, Sedan, Truck, Leather Seat Protector (Gray Black)</p><p> -34% 0FF </p><p>$20.99 ($10.50 / Count)</p><a href="https://www.amazon.com/dp/B08JB3ZVB6?tag=eloabder-20&linkCode=osi&th=1&psc=1">View Product</a></div><div class="product"><a href="https://www.amazon.com/dp/B0897YND6W?tag=eloabder-20&linkCode=osi&th=1&psc=1"><img src="https://m.media-amazon.com/images/I/51FxXsg55IL._SL500_.jpg" alt="Product Image"></a><p>Helteko Carseat Protector with Thickest Padding, 2 Pack Auto Seat Pad from Waterproof & Stain Resistant for Child Baby , Kick Mat Material for Leather and Fabric Seat</p><p> -19% 0FF </p><p>$28.99</p><a href="https://www.amazon.com/dp/B0897YND6W?tag=eloabder-20&linkCode=osi&th=1&psc=1">View Product</a></div><div class="product"><a href="https://www.amazon.com/dp/B00B7M7CLA?tag=eloabder-20&linkCode=osi&th=1&psc=1"><img src="https://m.media-amazon.com/images/I/31Fd5Ue510L._SL500_.jpg" alt="Product Image"></a><p>Munchkin® Back Seat Cover for Kids, Deluxe Kick Mats™ Car Seat Protector, Black, 2 Pack</p><p> -20% 0FF </p><p>$15.19</p><a href="https://www.amazon.com/dp/B00B7M7CLA?tag=eloabder-20&linkCode=osi&th=1&psc=1">View Product</a></div><div class="product"><a href="https://www.amazon.com/dp/B0BX36GGDS?tag=eloabder-20&linkCode=osi&th=1&psc=1"><img src="https://m.media-amazon.com/images/I/51oHk8LVt7L._SL500_.jpg" alt="Product Image"></a><p>Skechers Memory Foam Leather Car Seat Covers, Air Cool Mesh Thick Seat Covers, Slip-ins Front seat Cover, Airbag Compatible, Automotive Comfort for Most Cars, Vans, Trucks, SUV,Black</p><p> -29% 0FF </p><p>$40.01</p><a href="https://www.amazon.com/dp/B0BX36GGDS?tag=eloabder-20&linkCode=osi&th=1&psc=1">View Product</a></div>
<div class="product"><a href="https://www.amazon.com/dp/B000VAKXVA?tag=eloabder-20&linkCode=osi&th=1&psc=1"><img src="https://m.media-amazon.com/images/I/511Rv7cB1qL._SL500_.jpg" alt="Product Image"></a><p>Security Chain Company SC1032 Radial Chain Cable Traction Tire Chain - Set of 2</p><p> -24% 0FF </p><p>$35.07</p><a href="https://www.amazon.com/dp/B000VAKXVA?tag=eloabder-20&linkCode=osi&th=1&psc=1">View Product</a></div><div class="product"><a href="https://www.amazon.com/dp/B000HZFDPU?tag=eloabder-20&linkCode=osi&th=1&psc=1"><img src="https://m.media-amazon.com/images/I/51Bo-7auJlL._SL500_.jpg" alt="Product Image"></a><p>SCC SZ143 Super Z6 Cable Tire Chain for Passenger Cars, Pickups, and SUVs - Set of 2</p><p> -16% 0FF </p><p>$75.51</p><a href="https://www.amazon.com/dp/B000HZFDPU?tag=eloabder-20&linkCode=osi&th=1&psc=1">View Product</a></div><div class="product"><a href="https://www.amazon.com/dp/B0CLH6H3C8?tag=eloabder-20&linkCode=osi&th=1&psc=1"><img src="https://m.media-amazon.com/images/I/51ufxX-WxIL._SL500_.jpg" alt="Product Image"></a><p>Snow Chains for Car 6 Pack, Emergency Anti Slip Chains for SUV/Trucks/ATV, Adjustable Universal Winter Security Chains for Ice Snow Mud Sand, Easy Installation, Tires Width 6.5-10.8"/165-275mm</p><p> -10% 0FF </p><p>$35.99</p><a href="https://www.amazon.com/dp/B0CLH6H3C8?tag=eloabder-20&linkCode=osi&th=1&psc=1">View Product</a></div><div class="product"><a href="https://www.amazon.com/dp/B0DKFZYNT4?tag=eloabder-20&linkCode=osi&th=1&psc=1"><img src="https://m.media-amazon.com/images/I/51Xg2NHnT2L._SL500_.jpg" alt="Product Image"></a><p>KYX Tire Chains for Car/SUV/Pickup Truks, Adjustable Universal Emergency Snow Chains for Tire, 8.7-11.1 inch, 8 Pcs,</p><p> -39% 0FF </p><p>$49.99</p><a href="https://www.amazon.com/dp/B0DKFZYNT4?tag=eloabder-20&linkCode=osi&th=1&psc=1">View Product</a></div>
<div class="product"><a href="https://www.amazon.com/dp/B01KIFISX2?tag=eloabder-20&linkCode=osi&th=1&psc=1"><img src="https://m.media-amazon.com/images/I/417UJ6FeU5L._SL500_.jpg" alt="Product Image"></a><p>EcoNour Patented Design for Car Windshield Sun Shade | Blocks 99% Heat and Keep Interior Cool | Fits Cars, SUV, Truck | Automotive Sun Screen,Visor and Summer Vehicle Accessories | Medium (64x32)</p><p> -36% 0FF </p><p>$15.99</p><a href="https://www.amazon.com/dp/B01KIFISX2?tag=eloabder-20&linkCode=osi&th=1&psc=1">View Product</a></div><div class="product"><a href="https://www.amazon.com/dp/B0CR6B5BVK?tag=eloabder-20&linkCode=osi&th=1&psc=1"><img src="https://m.media-amazon.com/images/I/41cCJEg8eQL._SL500_.jpg" alt="Product Image"></a><p>Autovir Foldable Windshield Sun Shade for Car – 240T Reflective UV and Heat Shield with Storage Bag | Keeps Interior Cool | Universal Fit for Sedans, SUVs, and Trucks – Medium (64" x 32")</p><p> -44% 0FF </p><p>$9.99</p><a href="https://www.amazon.com/dp/B0CR6B5BVK?tag=eloabder-20&linkCode=osi&th=1&psc=1">View Product</a></div><div class="product"><a href="https://www.amazon.com/dp/B08SHCN2WF?tag=eloabder-20&linkCode=osi&th=1&psc=1"><img src="https://m.media-amazon.com/images/I/51LWD9uvTEL._SL500_.jpg" alt="Product Image"></a><p>Ontel Brella Shield by Arctic Air, Car Windshield Sun Shade, One-Size (31x57"), As Seen on TV</p><p> -40% 0FF </p><p>$11.90</p><a href="https://www.amazon.com/dp/B08SHCN2WF?tag=eloabder-20&linkCode=osi&th=1&psc=1">View Product</a></div><div class="product"><a href="https://www.amazon.com/dp/B09DJYP623?tag=eloabder-20&linkCode=osi&th=1&psc=1"><img src="https://m.media-amazon.com/images/I/31zzyt2WMDL._SL500_.jpg" alt="Product Image"></a><p>Windshield Snow Cover for Cars, Trucks, Vans - Waterproof, Windproof Winter Frost and Ice Removal Sunshade With Side Mirror Covers</p><p> -40% 0FF </p><p>$10.79</p><a href="https://www.amazon.com/dp/B09DJYP623?tag=eloabder-20&linkCode=osi&th=1&psc=1">View Product</a></div><div class="product"><a href="https://www.amazon.com/dp/B01JAP2M2O?tag=eloabder-20&linkCode=osi&th=1&psc=1"><img src="https://m.media-amazon.com/images/I/41+4Eg0+75L._SL500_.jpg" alt="Product Image"></a><p>Car Windshield Sun Shade - Foldable Reflective Sun Visor for Cars, SUVs, Trucks, and Vehicles | Heat Blocking Sunshade to Keep Interior Cool | Summer Automotive Accessories</p><p> -25% 0FF </p><p>$4.50</p><a href="https://www.amazon.com/dp/B01JAP2M2O?tag=eloabder-20&linkCode=osi&th=1&psc=1">View Product</a></div>
<div class="product"><a href="https://www.amazon.com/dp/B08V5KYVHS?tag=eloabder-20&linkCode=osi&th=1&psc=1"><img src="https://m.media-amazon.com/images/I/41Azr0Ix27L._SL500_.jpg" alt="Product Image"></a><p>GORDITA SUV Waterproof Car Covers for Automobiles All Weather Season UV Protection Snowproof Outdoor Full Cover Universal Fit SUV Up to 190’’</p><p> -20% 0FF </p><p>$31.98</p><a href="https://www.amazon.com/dp/B08V5KYVHS?tag=eloabder-20&linkCode=osi&th=1&psc=1">View Product</a></div><div class="product"><a href="https://www.amazon.com/dp/B000ALG86E?tag=eloabder-20&linkCode=osi&th=1&psc=1"><img src="https://m.media-amazon.com/images/I/31FzCVKNAqL._SL500_.jpg" alt="Product Image"></a><p>Budge Lite Car Cover Dirtproof, Scratch Resistant, Breathable, Dustproof, Car Cover Fits Sedans up to 200", Gray</p><p> -38% 0FF </p><p>$25.95</p><a href="https://www.amazon.com/dp/B000ALG86E?tag=eloabder-20&linkCode=osi&th=1&psc=1">View Product</a></div><div class="product"><a href="https://www.amazon.com/dp/B08BNHV8Z4?tag=eloabder-20&linkCode=osi&th=1&psc=1"><img src="https://m.media-amazon.com/images/I/31fZZtayFEL._SL500_.jpg" alt="Product Image"></a><p>MORNYRAY Waterproof Car Cover All Weather Snowproof UV Protection Windproof Outdoor Full car Cover, Universal Fit for Sedan (Fit Sedan Length 194-206 inch, Blue)</p><p> -5% 0FF </p><p>$26.91</p><a href="https://www.amazon.com/dp/B08BNHV8Z4?tag=eloabder-20&linkCode=osi&th=1&psc=1">View Product</a></div><div class="product"><a href="https://www.amazon.com/dp/B0749LSSSS?tag=eloabder-20&linkCode=osi&th=1&psc=1"><img src="https://m.media-amazon.com/images/I/31DuVy4whfL._SL500_.jpg" alt="Product Image"></a><p>Kayme 6 Layers Car Cover Waterproof All Weather for Automobiles, Outdoor Full Cover Rain Sun UV Protection with Zipper Cotton, Universal Fit for Sedan (178-185 inch)</p><p> -6% 0FF </p><p>$65.96</p><a href="https://www.amazon.com/dp/B0749LSSSS?tag=eloabder-20&linkCode=osi&th=1&psc=1">View Product</a></div><div class="product"><a href="https://www.amazon.com/dp/B09TQJDSMK?tag=eloabder-20&linkCode=osi&th=1&psc=1"><img src="https://m.media-amazon.com/images/I/31OTP9GC44L._SL500_.jpg" alt="Product Image"></a><p>Avecrew Car Cover Waterproof All Weather for Automobiles, Outdoor Heavy Duty Full Exterior Covers for Sedan(194"-208")</p><p> -6% 0FF </p><p>$32.99</p><a href="https://www.amazon.com/dp/B09TQJDSMK?tag=eloabder-20&linkCode=osi&th=1&psc=1">View Product</a></div>
<div class="product"><a href="https://www.amazon.com/dp/B0B5P2KG9X?tag=eloabder-20&linkCode=osi&th=1&psc=1"><img src="https://m.media-amazon.com/images/I/51MNgipOEoL._SL500_.jpg" alt="Product Image"></a><p>METOWARE Heavy Duty Tow Strap Recovery Kit - 3" x 20ft(35,000lbs) Tree Saver Winch Strap + 3/4" D Ring Shackles(2pcs) + Storage Bag - Truck, SUV, ATV Off Road Towing Strap Kit</p><p> -19% 0FF </p><p>$29.99</p><a href="https://www.amazon.com/dp/B0B5P2KG9X?tag=eloabder-20&linkCode=osi&th=1&psc=1">View Product</a></div><div class="product"><a href="https://www.amazon.com/dp/B08HYR56PX?tag=eloabder-20&linkCode=osi&th=1&psc=1"><img src="https://m.media-amazon.com/images/I/31J4suE1NpS._SL500_.jpg" alt="Product Image"></a><p>KJE Tow Strap with Reinforced Loops 2in x 30ft Vehicle Recovery Rope 10,000 lbs Pound Capacity Recovery Strap yellow2</p><p> -10% 0FF </p><p>$17.99 ($0.60 / Foot)</p><a href="https://www.amazon.com/dp/B08HYR56PX?tag=eloabder-20&linkCode=osi&th=1&psc=1">View Product</a></div>
<div class="product"><a href="https://www.amazon.com/dp/B0B5ZKF1ZK?tag=eloabder-20&linkCode=osi&th=1&psc=1"><img src="https://m.media-amazon.com/images/I/31AvxSzKUsL._SL500_.jpg" alt="Product Image"></a><p>CAR PASS Waterproof Universal Fit Car Floor Mats, Faux Leather Car Carpet Mats, Black Car Mats with Anti-Slip Nibbs Backing & Driver Heel Pad Fit for SUV,Vans,sedans, Trucks,Set of 4pcs(All Black)</p><p> -5% 0FF </p><p>$19.92</p><a href="https://www.amazon.com/dp/B0B5ZKF1ZK?tag=eloabder-20&linkCode=osi&th=1&psc=1">View Product</a></div><div class="product"><a href="https://www.amazon.com/dp/B00AYA3Q0M?tag=eloabder-20&linkCode=osi&th=1&psc=1"><img src="https://m.media-amazon.com/images/I/31OJMA8xwgL._SL500_.jpg" alt="Product Image"></a><p>Husky Liners Weatherbeater Floor Mats | Fits 2005 - 2015 Toyota Tacoma Double Cab (Footwell Coverage) | Front & 2nd Row, 3-pc Black - 98951</p><p> -10% 0FF </p><p>$134.99</p><a href="https://www.amazon.com/dp/B00AYA3Q0M?tag=eloabder-20&linkCode=osi&th=1&psc=1">View Product</a></div><div class="product"><a href="https://www.amazon.com/dp/B0DGSXQT2J?tag=eloabder-20&linkCode=osi&th=1&psc=1"><img src="https://m.media-amazon.com/images/I/510sCWysPhL._SL500_.jpg" alt="Product Image"></a><p>CAR PASS Rubber Floor Mats, All Weather Waterproof Trim-to-Fit Automotive Mats for Cars Trucks SUV, Anti-Slip Easy Clean, Heavy Duty Full Set 3-Piece, All Black</p><p> -13% 0FF </p><p>$25.99</p><a href="https://www.amazon.com/dp/B0DGSXQT2J?tag=eloabder-20&linkCode=osi&th=1&psc=1">View Product</a></div>                </div>

                <!-- Bouton flottant -->
                <button class="floating-button" onclick="window.location.href='https://www.iasmarket.us'">HOME</button>
            
                <!-- Pagination -->
                <div class="pagination">
                        </div>

            <script>
                function updateTime() {
                    const optionsDate = {
                        timeZone: 'America/Los_Angeles',
                        year: 'numeric',
                        month: 'long',
                        day: 'numeric',
                        weekday: 'long'
                    };
                    const optionsTime = {
                        timeZone: 'America/Los_Angeles',
                        hour: '2-digit',
                        minute: '2-digit',
                        second: '2-digit'
                    };
        
                    const now = new Date();
                    const formatterDate = new Intl.DateTimeFormat('en-US', optionsDate);
                    const formatterTime = new Intl.DateTimeFormat('en-US', optionsTime);
        
                    const formattedDate = formatterDate.format(now);
                    const formattedTime = formatterTime.format(now);
        
                    document.getElementById('comment').textContent = "As an AMAZON Associate, I earn from qualifying purchases.";
                    document.getElementById('date').textContent = formattedDate;
                    document.getElementById('time').textContent = formattedTime;
                }
        
                updateTime();
                setInterval(updateTime, 1000);
        
                function filterProducts() {
                    const input = document.getElementById('searchInput');
                    const filter = input.value.toLowerCase();
                    const container = document.getElementById('productContainer');
                    const products = container.getElementsByClassName('product');
        
                    for (let i = 0; i < products.length; i++) {
                        const product = products[i];
                        const text = product.textContent || product.innerText;
                        if (text.toLowerCase().indexOf(filter) > -1) {
                            product.style.display = "";
                        } else {
                            product.style.display = "none";
                        }
                    }
                }
            </script>
             </body>
        
            </html>
        